{
  "AXTree": "RootWebArea 'Amazon.com : GREENIES', focused\n\t[68] navigation 'Shortcuts menu'\n\t\t[69] heading 'Skip to'\n\t\t[70] list 'Skip to'\n\t\t\t[71] listitem ''\n\t\t\t\t[72] link 'main content'\n\t\t\t\t\tStaticText 'Main content'\n\t\t\t[73] listitem ''\n\t\t\t\t[74] link 'Results'\n\t\t\t[75] listitem ''\n\t\t\t\t[76] link 'Filters'\n\t\t[80] heading 'Keyboard shortcuts'\n\t\t[81] list 'Keyboard shortcuts'\n\t\t\t[82] listitem ''\n\t\t\t\t[83] link 'Search, option, forward slash'\n\t\t\t[90] listitem ''\n\t\t\t\t[91] link 'Cart, shift, option, c'\n\t\t\t[100] listitem ''\n\t\t\t\t[101] link 'Home, shift, option, h'\n\t\t\t[110] listitem ''\n\t\t\t\t[111] link 'Your orders, shift, option, o'\n\t\t\t[120] listitem ''\n\t\t\t\t[121] button 'Show/hide shortcuts, shift, option, z'\n\t\tStaticText \"To move between items, use your keyboard's up or down arrows.\"\n\t[138] banner ''\n\t\t[139] navigation 'Primary'\n\t\t\t[144] link 'Amazon'\n\t\t\t[151] button 'Deliver to John Seattle 98109\\u200c'\n\t\t\t\tStaticText 'Deliver to John'\n\t\t\t\tStaticText 'Seattle 98109\\u200c'\n\t\t\t[165] search ''\n\t\t\t\tStaticText 'All'\n\t\t\t\t[173] combobox '' value='All Departments', hasPopup='menu', expanded=False, describedby='searchDropdownDescription'\n\t\t\t\t\t[174] option 'All Departments', selected=True\n\t\t\t\t\t[175] option 'Alexa Skills', selected=False\n\t\t\t\t\t[176] option 'All The Best Pets', selected=False\n\t\t\t\t\t[177] option 'Amazon Autos', selected=False\n\t\t\t\t\t[178] option 'Amazon Devices', selected=False\n\t\t\t\t\t[179] option 'Amazon Fresh', selected=False\n\t\t\t\t\t[180] option 'Amazon Global Store', selected=False\n\t\t\t\t\t[181] option 'Amazon Haul', selected=False\n\t\t\t\t\t[182] option 'Amazon One Medical', selected=False\n\t\t\t\t\t[183] option 'Amazon Pharmacy', selected=False\n\t\t\t\t\t[184] option 'Amazon Resale', selected=False\n\t\t\t\t\t[185] option 'Appliances', selected=False\n\t\t\t\t\t[186] option 'Apps & Games', selected=False\n\t\t\t\t\t[187] option 'Arts, Crafts & Sewing', selected=False\n\t\t\t\t\t[188] option 'Audible Books & Originals', selected=False\n\t\t\t\t\t[189] option 'Automotive Parts & Accessories', selected=False\n\t\t\t\t\t[190] option 'Baby', selected=False\n\t\t\t\t\t[191] option 'Beauty & Personal Care', selected=False\n\t\t\t\t\t[192] option 'Books', selected=False\n\t\t\t\t\t[193] option 'CDs & Vinyl', selected=False\n\t\t\t\t\t[194] option 'Cell Phones & Accessories', selected=False\n\t\t\t\t\t[195] option 'Clothing, Shoes & Jewelry', selected=False\n\t\t\t\t\t[196] option \"Women's Clothing, Shoes & Jewelry\", selected=False\n\t\t\t\t\t[197] option \"Men's Clothing, Shoes & Jewelry\", selected=False\n\t\t\t\t\t[198] option \"Girl's Clothing, Shoes & Jewelry\", selected=False\n\t\t\t\t\t[199] option \"Boy's Clothing, Shoes & Jewelry\", selected=False\n\t\t\t\t\t[200] option 'Baby Clothing, Shoes & Jewelry', selected=False\n\t\t\t\t\t[201] option 'Collectibles & Fine Art', selected=False\n\t\t\t\t\t[202] option 'Computers', selected=False\n\t\t\t\t\t[203] option 'Credit and Payment Cards', selected=False\n\t\t\t\t\t[204] option 'Digital Music', selected=False\n\t\t\t\t\t[205] option 'Electronics', selected=False\n\t\t\t\t\t[206] option 'Garden & Outdoor', selected=False\n\t\t\t\t\t[207] option 'Gift Cards', selected=False\n\t\t\t\t\t[208] option 'Grocery & Gourmet Food', selected=False\n\t\t\t\t\t[209] option 'Handmade', selected=False\n\t\t\t\t\t[210] option 'Health, Household & Baby Care', selected=False\n\t\t\t\t\t[211] option 'Home & Business Services', selected=False\n\t\t\t\t\t[212] option 'Home & Kitchen', selected=False\n\t\t\t\t\t[213] option 'Industrial & Scientific', selected=False\n\t\t\t\t\t[214] option 'Just for Prime', selected=False\n\t\t\t\t\t[215] option 'Kindle Store', selected=False\n\t\t\t\t\t[216] option 'Luggage & Travel Gear', selected=False\n\t\t\t\t\t[217] option 'Luxury Stores', selected=False\n\t\t\t\t\t[218] option 'Magazine Subscriptions', selected=False\n\t\t\t\t\t[219] option 'Metropolitan Market', selected=False\n\t\t\t\t\t[220] option 'Movies & TV', selected=False\n\t\t\t\t\t[221] option 'Musical Instruments', selected=False\n\t\t\t\t\t[222] option 'Office Products', selected=False\n\t\t\t\t\t[223] option 'Pet Supplies', selected=False\n\t\t\t\t\t[224] option 'Premium Beauty', selected=False\n\t\t\t\t\t[225] option 'Prime Video', selected=False\n\t\t\t\t\t[226] option 'Same-Day Store', selected=False\n\t\t\t\t\t[227] option 'Smart Home', selected=False\n\t\t\t\t\t[228] option 'Software', selected=False\n\t\t\t\t\t[229] option 'Sports & Outdoors', selected=False\n\t\t\t\t\t[230] option 'Subscribe & Save', selected=False\n\t\t\t\t\t[231] option 'Subscription Boxes', selected=False\n\t\t\t\t\t[232] option 'Tools & Home Improvement', selected=False\n\t\t\t\t\t[233] option 'Toys & Games', selected=False\n\t\t\t\t\t[234] option 'Under $10', selected=False\n\t\t\t\t\t[235] option 'Video Games', selected=False\n\t\t\t\t\t[236] option 'Whole Foods Market', selected=False\n\t\t\t\t[240] searchbox 'Search Amazon' value='GREENIES', autocomplete='list', hasPopup='grid', controls='sac-autocomplete-results-container'\n\t\t\t\t\tStaticText 'GREENIES'\n\t\t\t\t[245] button 'Go'\n\t\t\t[251] link 'Choose a language for shopping in Amazon United States. The current selection is English (EN).'\n\t\t\t\t[255] image 'United States'\n\t\t\t\tStaticText 'EN'\n\t\t\t[257] button 'Expand to Change Language or Country'\n\t\t\t[259] link 'Hello, John Account & Lists', controls='nav-flyout-accountList'\n\t\t\t\tStaticText 'Hello, John'\n\t\t\t\tStaticText 'Account & Lists'\n\t\t\t[263] button 'Expand Account and Lists'\n\t\t\t[264] link 'Returns & Orders'\n\t\t\t\tStaticText 'Returns'\n\t\t\t\tStaticText '& Orders'\n\t\t\t[268] link '0 items in cart'\n\t\t\t[556] button 'Open All Categories Menu', expanded=False\n\t\t\t\tStaticText 'All'\n\t\t\t[561] button 'Open Rufus panel'\n\t\t\t\tStaticText 'Rufus'\n\t\t\t[570] list ''\n\t\t\t\t[571] listitem ''\n\t\t\t\t\t[573] link 'Amazon Haul'\n\t\t\t\t[574] listitem ''\n\t\t\t\t\t[576] link 'Same-Day Delivery'\n\t\t\t\t[577] listitem ''\n\t\t\t\t\t[579] link 'Medical Care'\n\t\t\t\t\t\tStaticText 'Medical Care'\n\t\t\t\t\t[581] button 'Medical Care Details', expanded=False\n\t\t\t\t[582] listitem ''\n\t\t\t\t\t[584] link 'Saks'\n\t\t\t\t[585] listitem ''\n\t\t\t\t\t[587] link 'Amazon Basics'\n\t\t\t\t[588] listitem ''\n\t\t\t\t\t[590] link 'New Releases'\n\t\t\t\t[591] listitem ''\n\t\t\t\t\t[593] link 'Best Sellers'\n\t\t\t\t[594] listitem ''\n\t\t\t\t\t[596] link 'Groceries'\n\t\t\t\t\t\tStaticText 'Groceries'\n\t\t\t\t\t[598] button 'Groceries Details', expanded=False\n\t\t\t\t[599] listitem ''\n\t\t\t\t\t[601] link 'Music'\n\t\t\t\t[602] listitem ''\n\t\t\t\t\t[604] link 'Livestreams'\n\t\t\t\t[605] listitem ''\n\t\t\t\t\t[607] link \"Today's Deals\"\n\t\t\t\t[608] listitem ''\n\t\t\t\t\t[610] link 'Luxury Stores'\n\t\t\t\t[611] listitem ''\n\t\t\t\t\t[613] link 'Customer Service'\n\t\t\t\t[614] listitem ''\n\t\t\t\t\t[616] link 'Prime Video'\n\t\t\t\t[617] listitem ''\n\t\t\t\t\t[619] link 'Gift Cards'\n\t\t\t\t\t\tStaticText 'Gift Cards'\n\t\t\t\t\t[621] button 'Gift Cards Details', expanded=False\n\t\t\t\t[622] listitem ''\n\t\t\t\t\t[624] link 'Gift Shop'\n\t\t\t\t[625] listitem ''\n\t\t\t\t\t[627] link 'Keep Shopping For'\n\t\t\t\t[628] listitem ''\n\t\t\t\t\t[630] link 'Prime'\n\t\t\t\t\t\tStaticText 'Prime'\n\t\t\t\t\t[632] button 'Prime Details', expanded=False\n\t\t\t\t[633] listitem ''\n\t\t\t\t\t[635] link 'Registry'\n\t\t\t\t[636] listitem ''\n\t\t\t\t\t[638] link 'Buy Again'\n\t\t\t\t[639] listitem ''\n\t\t\t\t\t[641] link 'Handmade'\n\t\t\t\t[642] listitem ''\n\t\t\t\t\t[644] link 'Audible'\n\t\t\t\t[645] listitem ''\n\t\t\t\t\t[647] link 'Beauty & Personal Care'\n\t\t\t\t[648] listitem ''\n\t\t\t\t\t[650] link 'Shop By Interest'\n\t\t\t\t[651] listitem ''\n\t\t\t\t\t[653] link 'Home Improvement'\n\t\t\t\t[654] listitem ''\n\t\t\t\t\t[656] link 'Pharmacy'\n\t\t\t\t[657] listitem ''\n\t\t\t\t\t[659] link 'Sell'\n\t\t\t\t[660] listitem ''\n\t\t\t\t\t[662] link 'Fashion'\n\t\t\t\t[663] listitem ''\n\t\t\t\t\t[665] link 'Automotive'\n\t\t\t\t[666] listitem ''\n\t\t\t\t\t[668] link 'Smart Home'\n\t\t\t[677] dialog '', modal=False\n\t[908] heading '1-48 of 368 results for \"GREENIES\" Sort by: Featured'\n\t\t[912] heading '1-48 of 368 results for \"GREENIES\"'\n\t\t\tStaticText '1-48 of 368 results for'\n\t\t\tStaticText ''\n\t\t\tStaticText '\"GREENIES\"'\n\t\t[924] Section ''\n\t\t\t[931] LabelText ''\n\t\t\t\tStaticText 'Sort by:'\n\t\t\t[932] combobox 'Sort by:' value='Featured', hasPopup='listbox', expanded=False\n\t\t\t\t[933] option 'Featured', selected=True\n\t\t\t\t[934] option 'Price: Low to High', selected=False\n\t\t\t\t[935] option 'Price: High to Low', selected=False\n\t\t\t\t[936] option 'Avg. Customer Review', selected=False\n\t\t\t\t[937] option 'Newest Arrivals', selected=False\n\t\t\t\t[938] option 'Best Sellers', selected=False\n\t[958] link 'Sponsored ad from Greenies. \"Your dog\\'s favorite treats, now serving dinner.\" Shop the Greenies Store on Amazon.'\n\t[964] link 'Greenies'\n\t\t[966] image 'Greenies'\n\t[969] heading \"Your dog's favorite treats, now serving dinner\"\n\t\t[970] link \"Your dog's favorite treats, now serving dinner\"\n\t\t\tStaticText \"Your dog's favorite treats, now serving dinner\"\n\t[974] link 'Shop the Greenies Store on Amazon'\n\t\tStaticText 'Shop the Greenies Store on'\n\t\tStaticText 'Amazon'\n\t[989] link 'Go to store page for \"Dry Dog Food (new)\".'\n\t[1003] link 'Go to store page for \"Toppers (new)\".'\n\t[1017] link 'Go to store page for \"Dental Treats\".'\n\t[1034] button 'Leave feedback on Sponsored ad'\n\t[1053] heading 'Results'\n\tStaticText 'Check each product page for other buying options.'\n\t[1057] list '', owns='83c86549-1cd9-4100-8542-9254537015b5 028cdb22-1f82-43c6-8a94-a131a3df378b e6d4daf0-65e8-4415-bef9-78cbf78a3f5b 1994f646-0de7-453f-a8fd-a03db1eaee3f bae35488-9aaa-4293-84a3-ef09841decb1 a122a3c0-0c14-4f2f-b3ca-c3605d784e9c ed9a5a53-af39-4fa0-b20c-e0279bcf2f92 7f3d2758-7f37-4b42-9db2-ebda3dcb197d'\n\t\t[1063] listitem ''\n\t\t\t[1080] button 'View Sponsored information or leave ad feedback'\n\t\t\t[1094] heading 'Greenies'\n\t\t\t\tStaticText 'Greenies'\n\t\t\t[1096] link 'Sponsored Ad - Smart Topper High Protein Wet Mix-in for Dogs, Duck, Broccoli, Carrots & Barley Recipe in Vitabroth Broth - Bone Broth + Vitamins E & B1, 10 Count'\n\t\t\t\t[1097] heading 'Sponsored Ad - Smart Topper High Protein Wet Mix-in for Dogs, Duck, Broccoli, Carrots & Barley Recipe in Vitabroth Broth - Bone Broth + Vitamins E & B1, 10 Count'\n\t\t\t\t\tStaticText 'Smart Topper High Protein Wet Mix-in for Dogs, Duck, Broccoli, Carrots & Barley Recipe in Vitabroth Broth - Bone Broth + Vitamins E & B1, 10 Count'\n\t\t\t[1103] button '4.4 out of 5 stars, rating details'\n\t\t\t[1109] link '96 ratings'\n\t\t\tStaticText '800+ bought multiple times'\n\t\t\tStaticText 'Price, product page'\n\t\t\t[1117] link '$27.90 ($2.79/count)', describedby='price-link'\n\t\t\t\tStaticText '$27.90'\n\t\t\t\tStaticText '('\n\t\t\t\tStaticText '$2.79'\n\t\t\t\tStaticText '/count)'\n\t\t\tStaticText 'FREE delivery'\n\t\t\tStaticText 'Thu, Jul 17'\n\t\t\tStaticText 'on $35 of items shipped by Amazon'\n\t\t\t[1149] Section ''\n\t\t\t\t[1165] button 'Add to cart'\n\t\t[1173] listitem ''\n\t\t\t[1190] button 'View Sponsored information or leave ad feedback'\n\t\t\t[1204] heading 'Greenies'\n\t\t\t\tStaticText 'Greenies'\n\t\t\t[1206] link 'Sponsored Ad - Regular Dental Dog Treats, 3-Flavor Variety Pack, (3) 12 oz. Pouches, 36 Total Treats'\n\t\t\t\t[1207] heading 'Sponsored Ad - Regular Dental Dog Treats, 3-Flavor Variety Pack, (3) 12 oz. Pouches, 36 Total Treats'\n\t\t\t\t\tStaticText 'Regular Dental Dog Treats, 3-Flavor Variety Pack, (3) 12 oz. Pouches, 36 Total Treats'\n\t\t\t[1213] button '4.8 out of 5 stars, rating details'\n\t\t\t[1219] link '7,586 ratings'\n\t\t\tStaticText '600+ bought multiple times'\n\t\t\tStaticText 'Price, product page'\n\t\t\t[1227] link '$39.96 ($1.11/count)', describedby='price-link'\n\t\t\t\tStaticText '$39.96'\n\t\t\t\tStaticText '('\n\t\t\t\tStaticText '$1.11'\n\t\t\t\tStaticText '/count)'\n\t\t\tStaticText 'FREE delivery'\n\t\t\tStaticText 'Thu, Jul 17'\n\t\t\t[1259] Section ''\n\t\t\t\t[1275] button 'Add to cart'\n\t\t[1283] listitem ''\n\t\t\t[1300] button 'View Sponsored information or leave ad feedback'\n\t\t\t[1314] heading 'Greenies'\n\t\t\t\tStaticText 'Greenies'\n\t\t\t[1316] link 'Sponsored Ad - Large Dental Dog Treats, 3-Flavor Variety Pack, (3) 12 oz. Pouches, (24 Treats)'\n\t\t\t\t[1317] heading 'Sponsored Ad - Large Dental Dog Treats, 3-Flavor Variety Pack, (3) 12 oz. Pouches, (24 Treats)'\n\t\t\t\t\tStaticText 'Large Dental Dog Treats, 3-Flavor Variety Pack, (3) 12 oz. Pouches, (24 Treats)'\n\t\t\t[1323] button '4.7 out of 5 stars, rating details'\n\t\t\t[1329] link '6,299 ratings'\n\t\t\tStaticText '10K+ bought multiple times'\n\t\t\tStaticText 'Price, product page'\n\t\t\t[1337] link '$39.96 ($17.76/lb)', describedby='price-link'\n\t\t\t\tStaticText '$39.96'\n\t\t\t\tStaticText '('\n\t\t\t\tStaticText '$17.76'\n\t\t\t\tStaticText '/lb)'\n\t\t\tStaticText 'Prime members'\n\t\t\tStaticText 'get FREE delivery'\n\t\t\tStaticText 'Today 5\\u202fPM - 10\\u202fPM'\n\t\t\tStaticText 'Or Non-members get FREE delivery'\n\t\t\tStaticText 'Thu, Jul 17'\n\t\t\t[1372] Section ''\n\t\t\t\t[1388] button 'Add to cart'\n\t\t[1396] listitem ''\n\t\t\t[1413] button 'View Sponsored information or leave ad feedback'\n\t\t\t[1427] heading 'Greenies'\n\t\t\t\tStaticText 'Greenies'\n\t\t\t[1429] link 'Sponsored Ad - Smart Essentials Small Breed Adult High Protein Dry Dog Food Real Chicken & Rice Recipe, 13.5 lb. Bag'\n\t\t\t\t[1430] heading 'Sponsored Ad - Smart Essentials Small Breed Adult High Protein Dry Dog Food Real Chicken & Rice Recipe, 13.5 lb. Bag'\n\t\t\t\t\tStaticText 'Smart Essentials Small Breed Adult High Protein Dry Dog Food Real Chicken & Rice Recipe, 13.5 lb. Bag'\n\t\t\t[1436] button '4.6 out of 5 stars, rating details'\n\t\t\t[1442] link '265 ratings'\n\t\t\tStaticText '300+ bought multiple times'\n\t\t\tStaticText 'Price, product page'\n\t\t\t[1450] link '$39.99 ($2.96/lb)', describedby='price-link'\n\t\t\t\tStaticText '$39.99'\n\t\t\t\tStaticText '('\n\t\t\t\tStaticText '$2.96'\n\t\t\t\tStaticText '/lb)'\n\t\t\tStaticText 'FREE delivery'\n\t\t\tStaticText 'Fri, Jul 18'\n\t\t\tStaticText 'Only 19 left in stock (more on the way).'\n\t\t\t[1486] Section ''\n\t\t\t\t[1502] button 'Add to cart'\n\t\t[1510] listitem ''\n\t\t\t[1527] button 'View Sponsored information or leave ad feedback'\n\t\t\t[1541] heading 'Greenies'\n\t\t\t\tStaticText 'Greenies'\n\t\t\t[1543] link 'Sponsored Ad - Petite Dental Dog Treats, 3-Flavor Variety Pack, (3) 12 oz. Pouches, 60 Total Treats'\n\t\t\t\t[1544] heading 'Sponsored Ad - Petite Dental Dog Treats, 3-Flavor Variety Pack, (3) 12 oz. Pouches, 60 Total Treats'\n\t\t\t\t\tStaticText 'Petite Dental Dog Treats, 3-Flavor Variety Pack, (3) 12 oz. Pouches, 60 Total Treats'\n\t\t\t[1550] button '4.8 out of 5 stars, rating details'\n\t\t\t[1556] link '9,392 ratings'\n\t\t\tStaticText '7K+ bought multiple times'\n\t\t\tStaticText 'Price, product page'\n\t\t\t[1564] link '$39.96 ($17.76/lb)', describedby='price-link'\n\t\t\t\tStaticText '$39.96'\n\t\t\t\tStaticText '('\n\t\t\t\tStaticText '$17.76'\n\t\t\t\tStaticText '/lb)'\n\t\t\tStaticText 'Prime members'\n\t\t\tStaticText 'get FREE delivery'\n\t\t\tStaticText 'Today 5\\u202fPM - 10\\u202fPM'\n\t\t\tStaticText 'Or Non-members get FREE delivery'\n\t\t\tStaticText 'Thu, Jul 17'\n\t\t\t[1599] Section ''\n\t\t\t\t[1615] button 'Add to cart'\n\t\t[1623] listitem ''\n\t\t\tStaticText 'Overall Pick'\n\t\t\t[1663] heading 'Greenies'\n\t\t\t\tStaticText 'Greenies'\n\t\t\t[1665] link 'Original Teenie Dental Dog Treats, 36 oz. Pack (130 Treats)'\n\t\t\t\t[1666] heading 'Original Teenie Dental Dog Treats, 36 oz. Pack (130 Treats)'\n\t\t\t\t\tStaticText 'Original Teenie Dental Dog Treats, 36 oz. Pack (130 Treats)'\n\t\t\t[1672] button '4.8 out of 5 stars, rating details'\n\t\t\t[1678] link '65,380 ratings'\n\t\t\tStaticText '100K+ bought multiple times'\n\t\t\tStaticText 'Price, product page'\n\t\t\t[1686] link '$36.00 ($16.00/lb) List: $39.98', describedby='price-link'\n\t\t\t\tStaticText '$36.00'\n\t\t\t\tStaticText '('\n\t\t\t\tStaticText '$16.00'\n\t\t\t\tStaticText '/lb)'\n\t\t\t\tStaticText 'List: $39.98'\n\t\t\tStaticText 'FREE delivery'\n\t\t\tStaticText 'Thu, Jul 17'\n\t\t\t[1724] Section ''\n\t\t\t\t[1740] button 'Add to cart'\n\t\t\tStaticText 'More Buying Choices'\n\t\t\tStaticText '$34.99'\n\t\t\t[1755] link '(13 new offers)'\n\t\t\tStaticText 'Also available with:'\n\t\t\t[1766] link 'Amazon Fresh'\n\t\t[1767] listitem ''\n\t\t\t[1781] heading 'Greenies'\n\t\t\t\tStaticText 'Greenies'\n\t\t\t[1783] link 'Original Regular Dental Dog Treats, 36 oz. Pack (36 Treats)'\n\t\t\t\t[1784] heading 'Original Regular Dental Dog Treats, 36 oz. Pack (36 Treats)'\n\t\t\t\t\tStaticText 'Original Regular Dental Dog Treats, 36 oz. Pack (36 Treats)'\n\t\t\t[1790] button '4.8 out of 5 stars, rating details'\n\t\t\t[1796] link '34,152 ratings'\n\t\t\tStaticText '100K+ bought multiple times'\n\t\t\tStaticText 'Price, product page'\n\t\t\t[1804] link '$29.99 ($13.33/lb) List: $39.98', describedby='price-link'\n\t\t\t\tStaticText '$29.99'\n\t\t\t\tStaticText '('\n\t\t\t\tStaticText '$13.33'\n\t\t\t\tStaticText '/lb)'\n\t\t\t\tStaticText 'List: $39.98'\n\t\t\tStaticText 'Prime members'\n\t\t\tStaticText 'get FREE delivery'\n\t\t\tStaticText 'Today 5\\u202fPM - 10\\u202fPM'\n\t\t\tStaticText 'Or Non-members get FREE delivery'\n\t\t\tStaticText 'Thu, Jul 17'\n\t\t\tStaticText 'on $35 of items shipped by Amazon'\n\t\t\t[1845] Section ''\n\t\t\t\t[1861] button 'Add to cart'\n\t\t\tStaticText 'Also available with:'\n\t\t\t[1874] link 'Amazon Fresh'\n\t\t[1875] listitem ''\n\t\t\t[1889] heading 'Greenies'\n\t\t\t\tStaticText 'Greenies'\n\t\t\t[1891] link 'Original Petite Dental Dog Treats, 36 oz. Pack (60 Treats)'\n\t\t\t\t[1892] heading 'Original Petite Dental Dog Treats, 36 oz. Pack (60 Treats)'\n\t\t\t\t\tStaticText 'Original Petite Dental Dog Treats, 36 oz. Pack (60 Treats)'\n\t\t\t[1898] button '4.8 out of 5 stars, rating details'\n\t\t\t[1904] link '26,531 ratings'\n\t\t\tStaticText '100K+ bought multiple times'\n\t\t\tStaticText 'Price, product page'\n\t\t\t[1912] link '$35.87 ($15.94/lb) List: $39.98', describedby='price-link'\n\t\t\t\tStaticText '$35.87'\n\t\t\t\tStaticText '('\n\t\t\t\tStaticText '$15.94'\n\t\t\t\tStaticText '/lb)'\n\t\t\t\tStaticText 'List: $39.98'\n\t\t\tStaticText 'Prime members'\n\t\t\tStaticText 'get FREE delivery'\n\t\t\tStaticText 'Today 5\\u202fPM - 10\\u202fPM'\n\t\t\tStaticText 'Or Non-members get FREE delivery'\n\t\t\tStaticText 'Thu, Jul 17'\n\t\t\t[1953] Section ''\n\t\t\t\t[1969] button 'Add to cart'\n\t\t\tStaticText 'Also available with:'\n\t\t\t[1982] link 'Amazon Fresh'\n\t[1996] heading 'Recently bought and rated'\n\t[1999] button 'View Sponsored information or leave ad feedback'\n\t\tStaticText ''\n\tStaticText '| 4+ stars and rising in past 90 days'\n\t[2003] group 'Recently bought and rated', roledescription='carousel'\n\t\t[2009] group ''\n\t\t\t[2010] list ''\n\t\t\t\t[2011] listitem '1 of 5', roledescription='slide'\n\t\t\t\t\t[2025] link 'Sponsored Ad - Greenies Smart Topper High Protein Wet Mix-in for Dogs, Chicken, Beef, Sweet Potatoes, Potatoes & Spinach Recipe in Vitabroth Broth- Bone Broth + Vitamins E & B1, 10 Count'\n\t\t\t\t\t\t[2026] heading 'Sponsored Ad - Greenies Smart Topper High Protein Wet Mix-in for Dogs, Chicken, Beef, Sweet Potatoes, Potatoes & Spinach Recipe in Vitabroth Broth- Bone Broth + Vitamins E & B1, 10 Count'\n\t\t\t\t\t\t\tStaticText 'Greenies Smart Topper High Protein Wet Mix-in for Dogs, Chicken, Beef, Sweet Potatoes, Potatoes & Spinach Recipe in Vitabroth Broth- Bone Broth + Vitamins E & B1, 10 Count'\n\t\t\t\t\t[2032] button '4.5 out of 5 stars, rating details'\n\t\t\t\t\t[2038] link '116 ratings'\n\t\t\t\t\tStaticText '1K+ bought multiple times'\n\t\t\t\t\tStaticText 'Price, product page'\n\t\t\t\t\t[2046] link '$27.90 ($2.79/count)', describedby='price-link'\n\t\t\t\t\t\tStaticText '$27.90'\n\t\t\t\t\t\tStaticText '('\n\t\t\t\t\t\tStaticText '$2.79'\n\t\t\t\t\t\tStaticText '/count)'\n\t\t\t\t\t[2066] Section ''\n\t\t\t\t\t\t[2082] button 'Add to cart'\n\t\t\t\t[2090] listitem '2 of 5', roledescription='slide'\n\t\t\t\t\t[2104] link 'Sponsored Ad - Greenies Smart Essentials Small Breed Adult High Protein Dry Dog Food Real Chicken & Rice Recipe, 13.5 lb. Bag'\n\t\t\t\t\t\t[2105] heading 'Sponsored Ad - Greenies Smart Essentials Small Breed Adult High Protein Dry Dog Food Real Chicken & Rice Recipe, 13.5 lb. Bag'\n\t\t\t\t\t\t\tStaticText 'Greenies Smart Essentials Small Breed Adult High Protein Dry Dog Food Real Chicken & Rice Recipe, 13.5 lb. Bag'\n\t\t\t\t\t[2111] button '4.6 out of 5 stars, rating details'\n\t\t\t\t\t[2117] link '265 ratings'\n\t\t\t\t\tStaticText '300+ bought multiple times'\n\t\t\t\t\tStaticText 'Price, product page'\n\t\t\t\t\t[2125] link '$39.99 ($2.96/lb)', describedby='price-link'\n\t\t\t\t\t\tStaticText '$39.99'\n\t\t\t\t\t\tStaticText '('\n\t\t\t\t\t\tStaticText '$2.96'\n\t\t\t\t\t\tStaticText '/lb)'\n\t\t\t\t\t[2145] Section ''\n\t\t\t\t\t\t[2161] button 'Add to cart'\n\t\t\t\t[2169] listitem '3 of 5', roledescription='slide'\n\t\t\t\t\t[2183] link 'Sponsored Ad - Greenies Anytime Bites Dog Treats, Original Flavor, 24 oz. Bag'\n\t\t\t\t\t\t[2184] heading 'Sponsored Ad - Greenies Anytime Bites Dog Treats, Original Flavor, 24 oz. Bag'\n\t\t\t\t\t\t\tStaticText 'Greenies Anytime Bites Dog Treats, Original Flavor, 24 oz. Bag'\n\t\t\t\t\t[2190] button '4.8 out of 5 stars, rating details'\n\t\t\t\t\t[2196] link '5,038 ratings'\n\t\t\t\t\tStaticText '10K+ bought multiple times'\n\t\t\t\t\tStaticText 'Price, product page'\n\t\t\t\t\t[2204] link '$29.98 ($19.99/lb) List: $32.98', describedby='price-link'\n\t\t\t\t\t\tStaticText '$29.98'\n\t\t\t\t\t\tStaticText '('\n\t\t\t\t\t\tStaticText '$19.99'\n\t\t\t\t\t\tStaticText '/lb)'\n\t\t\t\t\t\tStaticText 'List: $32.98'\n\t\t\t\t\t[2230] Section ''\n\t\t\t\t\t\t[2246] button 'Add to cart'\n\t\t\t\t[2254] listitem '4 of 5', roledescription='slide'\n\t\t\t\t\t[2268] link 'Sponsored Ad - Greenies Smart Essentials Adult High Protein Dry Dog Food Real Chicken & Rice Recipe, 30 lb. Bag'\n\t\t\t\t\t\t[2269] heading 'Sponsored Ad - Greenies Smart Essentials Adult High Protein Dry Dog Food Real Chicken & Rice Recipe, 30 lb. Bag'\n\t\t\t\t\t\t\tStaticText 'Greenies Smart Essentials Adult High Protein Dry Dog Food Real Chicken & Rice Recipe, 30 lb. Bag'\n\t\t\t\t\t[2275] button '4.4 out of 5 stars, rating details'\n\t\t\t\t\t[2281] link '167 ratings'\n\t\t\t\t\tStaticText '200+ bought multiple times'\n\t\t\t\t\tStaticText 'Price, product page'\n\t\t\t\t\t[2289] link '$59.99 ($2.00/lb)', describedby='price-link'\n\t\t\t\t\t\tStaticText '$59.99'\n\t\t\t\t\t\tStaticText '('\n\t\t\t\t\t\tStaticText '$2.00'\n\t\t\t\t\t\tStaticText '/lb)'\n\t\t\t\t\t[2309] Section ''\n\t\t\t\t\t\t[2325] button 'Add to cart'\n\t\t\t\t[2333] listitem '5 of 5', roledescription='slide'\n\t\t\t\t\t[2347] link 'Sponsored Ad - Greenies Smart Essentials Sensitive Digestion & Skin Adult Dry Dog Food Real Lamb & Brown Rice Recipe, 15 lb. Bag'\n\t\t\t\t\t\t[2348] heading 'Sponsored Ad - Greenies Smart Essentials Sensitive Digestion & Skin Adult Dry Dog Food Real Lamb & Brown Rice Recipe, 15 lb. Bag'\n\t\t\t\t\t\t\tStaticText 'Greenies Smart Essentials Sensitive Digestion & Skin Adult Dry Dog Food Real Lamb & Brown Rice Recipe, 15 lb. Bag'\n\t\t\t\t\t[2354] button '4.6 out of 5 stars, rating details'\n\t\t\t\t\t[2360] link '197 ratings'\n\t\t\t\t\tStaticText '200+ bought multiple times'\n\t\t\t\t\tStaticText 'Price, product page'\n\t\t\t\t\t[2368] link '$47.99 ($3.20/lb)', describedby='price-link'\n\t\t\t\t\t\tStaticText '$47.99'\n\t\t\t\t\t\tStaticText '('\n\t\t\t\t\t\tStaticText '$3.20'\n\t\t\t\t\t\tStaticText '/lb)'\n\t\t\t\t\t[2388] Section ''\n\t\t\t\t\t\t[2404] button 'Add to cart'\n\t[2424] heading 'More results'\n\t[2426] list '', owns='4c876c25-632c-4678-b3ac-c08744f78079 fe54b0cf-c59b-4d9b-ba5f-8c3b5eee342c f6f960a0-d48d-46b7-98fe-e83c70650af7 fc54cf9b-0240-4493-9351-14fa74d641ae 5d44b153-a58f-4a4b-8372-2f0f17515ccf c48b93d1-c420-48b9-9143-379a1ea80360 a05e149b-0958-4641-8705-93e8043e6e5d 3db72fea-083d-4db8-b9aa-41a3d2bdae04 c340e863-32fd-4f23-a0ae-865a2895d1d8 6ca06028-3d26-4e2a-9c64-d919ec7c6cf5'\n\t\t[2427] listitem ''\n\t\t\t[2441] heading 'Greenies'\n\t\t\t\tStaticText 'Greenies'\n\t\t\t[2443] link 'Original Large Dental Dog Treats, 36 oz. Pack (24 Treats)'\n\t\t\t\t[2444] heading 'Original Large Dental Dog Treats, 36 oz. Pack (24 Treats)'\n\t\t\t\t\tStaticText 'Original Large Dental Dog Treats, 36 oz. Pack (24 Treats)'\n\t\t\t[2450] button '4.8 out of 5 stars, rating details'\n\t\t\t[2456] link '20,211 ratings'\n\t\t\tStaticText '90K+ bought multiple times'\n\t\t\tStaticText 'Price, product page'\n\t\t\t[2464] link '$37.99 ($16.88/lb) List: $39.98', describedby='price-link'\n\t\t\t\tStaticText '$37.99'\n\t\t\t\tStaticText '('\n\t\t\t\tStaticText '$16.88'\n\t\t\t\tStaticText '/lb)'\n\t\t\t\tStaticText 'List: $39.98'\n\t\t\tStaticText 'Prime members'\n\t\t\tStaticText 'get FREE delivery'\n\t\t\tStaticText 'Today 5\\u202fPM - 10\\u202fPM'\n\t\t\tStaticText 'Or Non-members get FREE delivery'\n\t\t\tStaticText 'Thu, Jul 17'\n\t\t\t[2505] Section ''\n\t\t\t\t[2521] button 'Add to cart'\n\t\t\tStaticText 'Also available with:'\n\t\t\t[2534] link 'Amazon Fresh'\n\t\t[2535] listitem ''\n\t\t\t[2544] group 'Best Sellerin Dog Treat Cookies, Biscuits & Snacks'\n\t\t\t[2556] heading 'Greenies'\n\t\t\t\tStaticText 'Greenies'\n\t\t\t[2558] link 'Pill Pockets for Dogs Large Size, Soft Dog Treats, Hickory Smoke Flavor, 15.8 oz. Pouch (60 Treats)'\n\t\t\t\t[2559] heading 'Pill Pockets for Dogs Large Size, Soft Dog Treats, Hickory Smoke Flavor, 15.8 oz. Pouch (60 Treats)'\n\t\t\t\t\tStaticText 'Pill Pockets for Dogs Large Size, Soft Dog Treats, Hickory Smoke Flavor, 15.8 oz. Pouch (60 Treats)'\n\t\t\t[2565] button '4.7 out of 5 stars, rating details'\n\t\t\t[2571] link '89,747 ratings'\n\t\t\tStaticText '70K+ bought multiple times'\n\t\t\tStaticText 'Price, product page'\n\t\t\t[2579] link '$17.96 ($0.30/count)', describedby='price-link'\n\t\t\t\tStaticText '$17.96'\n\t\t\t\tStaticText '('\n\t\t\t\tStaticText '$0.30'\n\t\t\t\tStaticText '/count)'\n\t\t\tStaticText 'Prime members'\n\t\t\tStaticText 'get FREE delivery'\n\t\t\tStaticText 'Today 5\\u202fPM - 10\\u202fPM'\n\t\t\tStaticText 'on eligible orders'\n\t\t\tStaticText 'Or Non-members get FREE delivery'\n\t\t\tStaticText 'Thu, Jul 17'\n\t\t\tStaticText 'on $35 of items shipped by Amazon'\n\t\t\t[2614] Section ''\n\t\t\t\t[2630] button 'Add to cart'\n\t\t[2638] listitem ''\n\t\t\t[2652] heading 'Greenies'\n\t\t\t\tStaticText 'Greenies'\n\t\t\t[2654] link 'Teenie Dental Dog Treats, Mint Fresh Flavor, 12 oz. Pack (43 Treats)'\n\t\t\t\t[2655] heading 'Teenie Dental Dog Treats, Mint Fresh Flavor, 12 oz. Pack (43 Treats)'\n\t\t\t\t\tStaticText 'Teenie Dental Dog Treats, Mint Fresh Flavor, 12 oz. Pack (43 Treats)'\n\t\t\tStaticText '#1 Top Rated'\n\t\t\t[2663] button '4.8 out of 5 stars, rating details'\n\t\t\t[2669] link '25,307 ratings'\n\t\t\tStaticText '50K+ bought multiple times'\n\t\t\tStaticText 'Price, product page'\n\t\t\t[2677] link '$17.96 ($23.95/lb)', describedby='price-link'\n\t\t\t\tStaticText '$17.96'\n\t\t\t\tStaticText '('\n\t\t\t\tStaticText '$23.95'\n\t\t\t\tStaticText '/lb)'\n\t\t\tStaticText 'FREE delivery'\n\t\t\tStaticText 'Thu, Jul 17'\n\t\t\tStaticText 'on $35 of items shipped by Amazon'\n\t\t\t[2709] Section ''\n\t\t\t\t[2725] button 'Add to cart'\n\t\t\tStaticText 'Also available with:'\n\t\t\t[2738] link 'Amazon Fresh'\n\t\t[2739] listitem ''\n\t\t\t[2756] button 'View Sponsored information or leave ad feedback'\n\t\t\t[2770] heading 'Greenies'\n\t\t\t\tStaticText 'Greenies'\n\t\t\t[2772] link 'Sponsored Ad - Teenie Dental Dog Treats 3-Flavor Variety Pack, (3) 12 oz. Pouches, 129 Total Treats'\n\t\t\t\t[2773] heading 'Sponsored Ad - Teenie Dental Dog Treats 3-Flavor Variety Pack, (3) 12 oz. Pouches, 129 Total Treats'\n\t\t\t\t\tStaticText 'Teenie Dental Dog Treats 3-Flavor Variety Pack, (3) 12 oz. Pouches, 129 Total Treats'\n\t\t\tStaticText '#1 Top Rated'\n\t\t\t[2781] button '4.8 out of 5 stars, rating details'\n\t\t\t[2787] link '25,307 ratings'\n\t\t\tStaticText '1K+ bought multiple times'\n\t\t\tStaticText 'Price, product page'\n\t\t\t[2795] link '$40.67 ($0.32/count)', describedby='price-link'\n\t\t\t\tStaticText '$40.67'\n\t\t\t\tStaticText '('\n\t\t\t\tStaticText '$0.32'\n\t\t\t\tStaticText '/count)'\n\t\t\tStaticText 'FREE delivery'\n\t\t\tStaticText 'Thu, Jul 17'\n\t\t\t[2827] Section ''\n\t\t\t\t[2843] button 'Add to cart'\n\t\t[2851] listitem ''\n\t\t\t[2868] button 'View Sponsored information or leave ad feedback'\n\t\t\t[2882] heading 'Greenies'\n\t\t\t\tStaticText 'Greenies'\n\t\t\t[2884] link 'Sponsored Ad - Anytime Bites Dog Treats, Original Flavor, 24 oz. Bag'\n\t\t\t\t[2885] heading 'Sponsored Ad - Anytime Bites Dog Treats, Original Flavor, 24 oz. Bag'\n\t\t\t\t\tStaticText 'Anytime Bites Dog Treats, Original Flavor, 24 oz. Bag'\n\t\t\t[2891] button '4.8 out of 5 stars, rating details'\n\t\t\t[2897] link '5,038 ratings'\n\t\t\tStaticText '10K+ bought multiple times'\n\t\t\tStaticText 'Price, product page'\n\t\t\t[2905] link '$29.98 ($19.99/lb) List: $32.98', describedby='price-link'\n\t\t\t\tStaticText '$29.98'\n\t\t\t\tStaticText '('\n\t\t\t\tStaticText '$19.99'\n\t\t\t\tStaticText '/lb)'\n\t\t\t\tStaticText 'List: $32.98'\n\t\t\tStaticText 'Prime members'\n\t\t\tStaticText 'get FREE delivery'\n\t\t\tStaticText 'Today 5\\u202fPM - 10\\u202fPM'\n\t\t\tStaticText 'Or Non-members get FREE delivery'\n\t\t\tStaticText 'Thu, Jul 17'\n\t\t\tStaticText 'on $35 of items shipped by Amazon'\n\t\t\t[2946] Section ''\n\t\t\t\t[2962] button 'Add to cart'\n\t\t[2970] listitem ''\n\t\t\t[2987] button 'View Sponsored information or leave ad feedback'\n\t\t\t[3001] heading 'Greenies'\n\t\t\t\tStaticText 'Greenies'\n\t\t\t[3003] link 'Sponsored Ad - Smart Essentials Adult High Protein Dry Dog Food Real Chicken & Rice Recipe, 30 lb. Bag'\n\t\t\t\t[3004] heading 'Sponsored Ad - Smart Essentials Adult High Protein Dry Dog Food Real Chicken & Rice Recipe, 30 lb. Bag'\n\t\t\t\t\tStaticText 'Smart Essentials Adult High Protein Dry Dog Food Real Chicken & Rice Recipe, 30 lb. Bag'\n\t\t\t[3010] button '4.4 out of 5 stars, rating details'\n\t\t\t[3016] link '167 ratings'\n\t\t\tStaticText '200+ bought multiple times'\n\t\t\tStaticText 'Price, product page'\n\t\t\t[3024] link '$59.99 ($2.00/lb)', describedby='price-link'\n\t\t\t\tStaticText '$59.99'\n\t\t\t\tStaticText '('\n\t\t\t\tStaticText '$2.00'\n\t\t\t\tStaticText '/lb)'\n\t\t\tStaticText 'FREE delivery'\n\t\t\tStaticText 'Fri, Jul 18'\n\t\t\t[3056] Section ''\n\t\t\t\t[3072] button 'Add to cart'\n\t\t[3080] listitem ''\n\t\t\t[3097] button 'View Sponsored information or leave ad feedback'\n\t\t\t[3111] heading 'Greenies'\n\t\t\t\tStaticText 'Greenies'\n\t\t\t[3113] link 'Sponsored Ad - Smart Essentials Sensitive Digestion & Skin Adult Dry Dog Food Real Lamb & Brown Rice Recipe, 15 lb. Bag'\n\t\t\t\t[3114] heading 'Sponsored Ad - Smart Essentials Sensitive Digestion & Skin Adult Dry Dog Food Real Lamb & Brown Rice Recipe, 15 lb. Bag'\n\t\t\t\t\tStaticText 'Smart Essentials Sensitive Digestion & Skin Adult Dry Dog Food Real Lamb & Brown Rice Recipe, 15 lb. Bag'\n\t\t\t[3120] button '4.6 out of 5 stars, rating details'\n\t\t\t[3126] link '197 ratings'\n\t\t\tStaticText '200+ bought multiple times'\n\t\t\tStaticText 'Price, product page'\n\t\t\t[3134] link '$47.99 ($3.20/lb)', describedby='price-link'\n\t\t\t\tStaticText '$47.99'\n\t\t\t\tStaticText '('\n\t\t\t\tStaticText '$3.20'\n\t\t\t\tStaticText '/lb)'\n\t\t\tStaticText 'FREE delivery'\n\t\t\tStaticText 'Fri, Jul 18'\n\t\t\t[3166] Section ''\n\t\t\t\t[3182] button 'Add to cart'\n\t\t[3190] listitem ''\n\t\t\t[3204] heading 'Greenies'\n\t\t\t\tStaticText 'Greenies'\n\t\t\t[3206] link 'Regular Dental Dog Treats, 3-Flavor Variety Pack, (3) 12 oz. Pouches, 36 Total Treats'\n\t\t\t\t[3207] heading 'Regular Dental Dog Treats, 3-Flavor Variety Pack, (3) 12 oz. Pouches, 36 Total Treats'\n\t\t\t\t\tStaticText 'Regular Dental Dog Treats, 3-Flavor Variety Pack, (3) 12 oz. Pouches, 36 Total Treats'\n\t\t\t[3213] button '4.8 out of 5 stars, rating details'\n\t\t\t[3219] link '7,586 ratings'\n\t\t\tStaticText '9K+ bought multiple times'\n\t\t\tStaticText 'Price, product page'\n\t\t\t[3227] link '$39.96 ($17.76/lb)', describedby='price-link'\n\t\t\t\tStaticText '$39.96'\n\t\t\t\tStaticText '('\n\t\t\t\tStaticText '$17.76'\n\t\t\t\tStaticText '/lb)'\n\t\t\tStaticText 'FREE delivery'\n\t\t\tStaticText 'Thu, Jul 17'\n\t\t\t[3259] Section ''\n\t\t\t\t[3275] button 'Add to cart'\n\t\t\tStaticText 'More Buying Choices'\n\t\t\tStaticText '$38.59'\n\t\t\t[3290] link '(3 new offers)'\n\t\t[3296] listitem ''\n\t\t\t[3310] heading 'Greenies'\n\t\t\t\tStaticText 'Greenies'\n\t\t\t[3312] link 'Feline Adult Dental Cat Treats, Oven Roasted Chicken Flavor, 9.75 oz. Tub'\n\t\t\t\t[3313] heading 'Feline Adult Dental Cat Treats, Oven Roasted Chicken Flavor, 9.75 oz. Tub'\n\t\t\t\t\tStaticText 'Feline Adult Dental Cat Treats, Oven Roasted Chicken Flavor, 9.75 oz. Tub'\n\t\t\t[3319] button '4.8 out of 5 stars, rating details'\n\t\t\t[3325] link '56,303 ratings'\n\t\t\tStaticText '100K+ bought multiple times'\n\t\t\tStaticText 'Price, product page'\n\t\t\t[3333] link '$10.98 ($1.13/ounce)', describedby='price-link'\n\t\t\t\tStaticText '$10.98'\n\t\t\t\tStaticText '('\n\t\t\t\tStaticText '$1.13'\n\t\t\t\tStaticText '/ounce)'\n\t\t\tStaticText 'Prime members'\n\t\t\tStaticText 'get FREE delivery'\n\t\t\tStaticText 'Today 5\\u202fPM - 10\\u202fPM'\n\t\t\tStaticText 'on eligible orders'\n\t\t\tStaticText 'Or Non-members get FREE delivery'\n\t\t\tStaticText 'Thu, Jul 17'\n\t\t\tStaticText 'on $35 of items shipped by Amazon'\n\t\t\tStaticText 'Or FREE pickup'\n\t\t\t[3370] Section ''\n\t\t\t\t[3386] button 'Add to cart'\n\t\t\tStaticText 'Also available with:'\n\t\t\t[3399] link 'Amazon Fresh'\n\t\t[3400] listitem ''\n\t\t\t[3414] heading 'Greenies'\n\t\t\t\tStaticText 'Greenies'\n\t\t\t[3416] link 'Large Dental Dog Treats, 3-Flavor Variety Pack, (3) 12 oz. Pouches, (24 Treats)'\n\t\t\t\t[3417] heading 'Large Dental Dog Treats, 3-Flavor Variety Pack, (3) 12 oz. Pouches, (24 Treats)'\n\t\t\t\t\tStaticText 'Large Dental Dog Treats, 3-Flavor Variety Pack, (3) 12 oz. Pouches, (24 Treats)'\n\t\t\t[3423] button '4.7 out of 5 stars, rating details'\n\t\t\t[3429] link '6,299 ratings'\n\t\t\tStaticText '10K+ bought multiple times'\n\t\t\tStaticText 'Price, product page'\n\t\t\t[3437] link '$39.96 ($17.76/lb)', describedby='price-link'\n\t\t\t\tStaticText '$39.96'\n\t\t\t\tStaticText '('\n\t\t\t\tStaticText '$17.76'\n\t\t\t\tStaticText '/lb)'\n\t\t\tStaticText 'Prime members'\n\t\t\tStaticText 'get FREE delivery'\n\t\t\tStaticText 'Today 5\\u202fPM - 10\\u202fPM'\n\t\t\tStaticText 'Or Non-members get FREE delivery'\n\t\t\tStaticText 'Thu, Jul 17'\n\t\t\t[3472] Section ''\n\t\t\t\t[3488] button 'Add to cart'\n\t[3511] link 'Unable to play media.', describedby='video-description-ZC5tcDQ='\n\tStaticText 'Sponsored'\n\t[3559] link 'Greenies Original Regular Dental Dog Treats, 36 oz. Pack (36 Treats)'\n\t\t[3560] heading 'Greenies Original Regular Dental Dog Treats, 36 oz. Pack (36 Treats)'\n\t\t\tStaticText 'Greenies Original Regular Dental Dog Treats, 36 oz. Pack (36 Treats)'\n\t[3566] button '4.8 out of 5 stars, rating details'\n\t[3572] link '34,152 ratings'\n\tStaticText '100K+ bought multiple times'\n\tStaticText 'Price, product page'\n\t[3583] link '$29.99 ($13.33/lb) List: $39.98', describedby='price-link'\n\t\tStaticText '$29.99'\n\t\tStaticText '('\n\t\tStaticText '$13.33'\n\t\tStaticText '/lb)'\n\t\tStaticText 'List: $39.98'\n\tStaticText 'Prime members'\n\tStaticText 'get FREE delivery'\n\tStaticText 'Today 5\\u202fPM - 10\\u202fPM'\n\tStaticText 'Or Non-members get FREE delivery'\n\tStaticText 'Thu, Jul 17'\n\tStaticText 'on $35 of items shipped by Amazon'\n\t[3622] heading 'More results'\n\t[3624] list '', owns='bf0d8bf3-4760-4b43-b41e-ed4176ad6feb 5cd88f78-e3d9-4dea-8f58-3e4320e83c46 73d7c260-aac1-4c0a-b433-513a2113262f 949867f2-502b-4a09-be22-8f8913c17e2e 134fbd8f-3e2d-48d0-84c9-3b28c3969382 bd406729-ff8e-402e-b1ac-2425f1b066fe 6c3b6ce8-c145-4270-b743-28b1bf45aee2 d90f0a9b-6acf-4d18-8737-db96b13cc314 4c4a7c75-87be-4df9-bc09-4a0f4167e7cb 5a0df649-5c97-41dc-a438-649d092b6133 679b93a8-6b7c-4c39-a2e0-b0ad5ff184fb 95b71654-170e-43d9-9102-ebb18b519f81 33e599b4-062e-4834-880a-88d047933c28 3e5bdc2f-6fa7-458b-89e0-4212ee00359c 902c6c97-5017-40d0-bcc6-0d7090274c61 6b6295c4-cbb2-4cd0-950e-5f071f8c88fe 346f8c0c-0ac6-412b-b4b9-959e18cf4641 27392337-9c8a-45e8-92ba-f61cc8dbff75 1cdbc393-1973-4a9a-b1da-3b35dd842e9d 59f4088e-62bf-45c5-b640-cfa7e66a397f 00f43d2d-be28-401c-ba74-b7a0f5d14e95 254d8c75-704e-49a0-bddd-6f1769c0d277 4b33d3ba-f014-4859-af39-0e1078e17cc1 99021cd2-0347-46a4-a299-0f0fbaf234e0 667eea94-60d6-41ce-bd44-fb40ad59720f 99e29f27-a534-4a30-9369-dc2e85796a3c d39abc9d-ce3a-47ec-a87f-aad7e274bd2b f8aa9ac9-5692-41ef-88e2-692fc8e0cbbb c11213d9-03ec-4b80-b6ed-97214d10aaf3 2ad6fbf7-0632-48c0-ae27-44556aaf80f0 fc9c0dff-a83b-4b37-b8e4-55f96e679d0a f4471ccc-de7d-4539-9849-dc8e894760b7 8bb24847-89e6-468e-832a-729d7f585334 a51ab601-7806-4770-b76e-93b1951223ed 68f6c1ad-ec4c-4c10-bd28-6275922e3d54 de23b134-ff54-40f7-985f-e62140255201 9cbf157a-bb63-4952-ba05-97521f2c01f9 4fac3401-4734-4144-a565-cd09d08a14dc 09be25b8-e824-4d54-bc9a-746f33f6a122 83de2fd5-f80c-4fb6-a9c7-ebd66eee9baf a5f546be-de60-4cd1-9748-db626c53e9e7 d8e95579-0340-4724-8b1f-43fcc108cba3'\n\t\t[3625] listitem ''\n\t\t\t[3639] heading 'Greenies'\n\t\t\t\tStaticText 'Greenies'\n\t\t\t[3641] link 'Petite Dental Dog Treats, 3-Flavor Variety Pack, (3) 12 oz. Pouches, 60 Total Treats'\n\t\t\t\t[3642] heading 'Petite Dental Dog Treats, 3-Flavor Variety Pack, (3) 12 oz. Pouches, 60 Total Treats'\n\t\t\t\t\tStaticText 'Petite Dental Dog Treats, 3-Flavor Variety Pack, (3) 12 oz. Pouches, 60 Total Treats'\n\t\t\t[3648] button '4.8 out of 5 stars, rating details'\n\t\t\t[3654] link '9,392 ratings'\n\t\t\tStaticText '7K+ bought multiple times'\n\t\t\tStaticText 'Price, product page'\n\t\t\t[3662] link '$39.96 ($17.76/lb)', describedby='price-link'\n\t\t\t\tStaticText '$39.96'\n\t\t\t\tStaticText '('\n\t\t\t\tStaticText '$17.76'\n\t\t\t\tStaticText '/lb)'\n\t\t\tStaticText 'Prime members'\n\t\t\tStaticText 'get FREE delivery'\n\t\t\tStaticText 'Today 5\\u202fPM - 10\\u202fPM'\n\t\t\tStaticText 'Or Non-members get FREE delivery'\n\t\t\tStaticText 'Thu, Jul 17'\n\t\t\t[3697] Section ''\n\t\t\t\t[3713] button 'Add to cart'\n\t\t\tStaticText 'More Buying Choices'\n\t\t\tStaticText '$35.97'\n\t\t\t[3728] link '(5 new offers)'\n\t\t[3734] listitem ''\n\t\t\t[3751] button 'View Sponsored information or leave ad feedback'\n\t\t\t[3764] link 'Sponsored Ad - Zuke\u2019s Mini Naturals Dog Training Treats for Dogs, Pet Treats Made with Real Chicken, 16 oz'\n\t\t\t\t[3765] heading 'Sponsored Ad - Zuke\u2019s Mini Naturals Dog Training Treats for Dogs, Pet Treats Made with Real Chicken, 16 oz'\n\t\t\t\t\tStaticText 'Zuke\u2019s Mini Naturals Dog Training Treats for Dogs, Pet Treats Made with Real Chicken, 16 oz'\n\t\t\t[3771] button '4.6 out of 5 stars, rating details'\n\t\t\t[3777] link '14,808 ratings'\n\t\t\tStaticText '50K+ bought multiple times'\n\t\t\tStaticText 'Price, product page'\n\t\t\t[3785] link '$14.94 ($14.94/lb) List: $16.99', describedby='price-link'\n\t\t\t\tStaticText '$14.94'\n\t\t\t\tStaticText '('\n\t\t\t\tStaticText '$14.94'\n\t\t\t\tStaticText '/lb)'\n\t\t\t\tStaticText 'List: $16.99'\n\t\t\tStaticText 'FREE delivery'\n\t\t\tStaticText 'Thu, Jul 17'\n\t\t\tStaticText 'on $35 of items shipped by Amazon'\n\t\t\t[3823] Section ''\n\t\t\t\t[3839] button 'Add to cart'\n\t\t[3847] listitem ''\n\t\t\t[3864] button 'View Sponsored information or leave ad feedback'\n\t\t\t[3878] heading 'Greenies'\n\t\t\t\tStaticText 'Greenies'\n\t\t\t[3880] link 'Sponsored Ad - Weight Management Regular Dog Dental Chews Weight Control Dog Treats, 27 oz. Pack (27 Treats)'\n\t\t\t\t[3881] heading 'Sponsored Ad - Weight Management Regular Dog Dental Chews Weight Control Dog Treats, 27 oz. Pack (27 Treats)'\n\t\t\t\t\tStaticText 'Weight Management Regular Dog Dental Chews Weight Control Dog Treats, 27 oz. Pack (27 Treats)'\n\t\t\t[3887] button '4.7 out of 5 stars, rating details'\n\t\t\t[3893] link '6,739 ratings'\n\t\t\tStaticText '3K+ bought multiple times'\n\t\t\tStaticText 'Price, product page'\n\t\t\t[3901] link '$32.98 ($1.22/count)', describedby='price-link'\n\t\t\t\tStaticText '$32.98'\n\t\t\t\tStaticText '('\n\t\t\t\tStaticText '$1.22'\n\t\t\t\tStaticText '/count)'\n\t\t\tStaticText 'Prime members'\n\t\t\tStaticText 'get FREE delivery'\n\t\t\tStaticText 'Today 5\\u202fPM - 10\\u202fPM'\n\t\t\tStaticText 'Or Non-members get FREE delivery'\n\t\t\tStaticText 'Thu, Jul 17'\n\t\t\tStaticText 'on $35 of items shipped by Amazon'\n\t\t\t[3936] Section ''\n\t\t\t\t[3952] button 'Add to cart'\n\t\t[3960] listitem ''\n\t\t\t[3977] button 'View Sponsored information or leave ad feedback'\n\t\t\t[3991] heading 'Greenies'\n\t\t\t\tStaticText 'Greenies'\n\t\t\t[3993] link 'Sponsored Ad - Feline Smartbites Skin & Fur Health Crunchy and Soft Cat Treats, Salmon Flavor, 16 oz. Tub'\n\t\t\t\t[3994] heading 'Sponsored Ad - Feline Smartbites Skin & Fur Health Crunchy and Soft Cat Treats, Salmon Flavor, 16 oz. Tub'\n\t\t\t\t\tStaticText 'Feline Smartbites Skin & Fur Health Crunchy and Soft Cat Treats, Salmon Flavor, 16 oz. Tub'\n\t\t\tStaticText '#1 Top Rated'\n\t\t\t[4002] button '4.8 out of 5 stars, rating details'\n\t\t\t[4008] link '18,764 ratings'\n\t\t\tStaticText '10K+ bought multiple times'\n\t\t\tStaticText 'Price, product page'\n\t\t\t[4016] link '$19.98 ($19.98/pound)', describedby='price-link'\n\t\t\t\tStaticText '$19.98'\n\t\t\t\tStaticText '('\n\t\t\t\tStaticText '$19.98'\n\t\t\t\tStaticText '/pound)'\n\t\t\tStaticText 'Prime members'\n\t\t\tStaticText 'get FREE delivery'\n\t\t\tStaticText 'Today 5\\u202fPM - 10\\u202fPM'\n\t\t\tStaticText 'on eligible orders'\n\t\t\tStaticText 'Or Non-members get FREE delivery'\n\t\t\tStaticText 'Thu, Jul 17'\n\t\t\tStaticText 'on $35 of items shipped by Amazon'\n\t\t\t[4051] Section ''\n\t\t\t\t[4067] button 'Add to cart'\n\t\t[4075] listitem ''\n\t\t\t[4089] heading 'Greenies'\n\t\t\t\tStaticText 'Greenies'\n\t\t\t[4091] link 'Feline Smartbites Healthy Indoor Natural Treats for Cats, Chicken Flavor, 16 oz. Tub'\n\t\t\t\t[4092] heading 'Feline Smartbites Healthy Indoor Natural Treats for Cats, Chicken Flavor, 16 oz. Tub'\n\t\t\t\t\tStaticText 'Feline Smartbites Healthy Indoor Natural Treats for Cats, Chicken Flavor, 16 oz. Tub'\n\t\t\t[4098] button '4.8 out of 5 stars, rating details'\n\t\t\t[4104] link '29,452 ratings'\n\t\t\tStaticText '30K+ bought multiple times'\n\t\t\tStaticText 'Price, product page'\n\t\t\t[4112] link '$19.98 ($1.25/ounce)', describedby='price-link'\n\t\t\t\tStaticText '$19.98'\n\t\t\t\tStaticText '('\n\t\t\t\tStaticText '$1.25'\n\t\t\t\tStaticText '/ounce)'\n\t\t\tStaticText 'Prime members'\n\t\t\tStaticText 'get FREE delivery'\n\t\t\tStaticText 'Today 5\\u202fPM - 10\\u202fPM'\n\t\t\tStaticText 'on eligible orders'\n\t\t\tStaticText 'Or Non-members get FREE delivery'\n\t\t\tStaticText 'Thu, Jul 17'\n\t\t\tStaticText 'on $35 of items shipped by Amazon'\n\t\t\t[4147] Section ''\n\t\t\t\t[4163] button 'Add to cart'\n\t\t[4171] listitem ''\n\t\t\t[4185] heading 'Greenies'\n\t\t\t\tStaticText 'Greenies'\n\t\t\t[4187] link 'Original Large Dental Dog Treats, (4) 12 ct Packs (48 Treats Total)'\n\t\t\t\t[4188] heading 'Original Large Dental Dog Treats, (4) 12 ct Packs (48 Treats Total)'\n\t\t\t\t\tStaticText 'Original Large Dental Dog Treats, (4) 12 ct Packs (48 Treats Total)'\n\t\t\t[4194] button '4.8 out of 5 stars, rating details'\n\t\t\t[4200] link '2,883 ratings'\n\t\t\tStaticText '10K+ bought multiple times'\n\t\t\tStaticText 'Price, product page'\n\t\t\t[4208] link '$69.98 ($15.55/lb) List: $76.98', describedby='price-link'\n\t\t\t\tStaticText '$69.98'\n\t\t\t\tStaticText '('\n\t\t\t\tStaticText '$15.55'\n\t\t\t\tStaticText '/lb)'\n\t\t\t\tStaticText 'List: $76.98'\n\t\t\tStaticText 'Prime members'\n\t\t\tStaticText 'get FREE delivery'\n\t\t\tStaticText 'Today 5\\u202fPM - 10\\u202fPM'\n\t\t\tStaticText 'Or Non-members get FREE delivery'\n\t\t\tStaticText 'Thu, Jul 17'\n\t\t\t[4249] Section ''\n\t\t\t\t[4265] button 'Add to cart'\n\t\t[4273] listitem ''\n\t\t\t[4287] heading 'Greenies'\n\t\t\t\tStaticText 'Greenies'\n\t\t\t[4289] link 'Feline Adult Dental Cat Treats, Catnip Flavor, 9.75 oz. Tub'\n\t\t\t\t[4290] heading 'Feline Adult Dental Cat Treats, Catnip Flavor, 9.75 oz. Tub'\n\t\t\t\t\tStaticText 'Feline Adult Dental Cat Treats, Catnip Flavor, 9.75 oz. Tub'\n\t\t\t[4296] button '4.8 out of 5 stars, rating details'\n\t\t\t[4302] link '26,366 ratings'\n\t\t\tStaticText '40K+ bought multiple times'\n\t\t\tStaticText 'Price, product page'\n\t\t\t[4310] link '$10.98 ($1.13/ounce)', describedby='price-link'\n\t\t\t\tStaticText '$10.98'\n\t\t\t\tStaticText '('\n\t\t\t\tStaticText '$1.13'\n\t\t\t\tStaticText '/ounce)'\n\t\t\tStaticText 'Prime members'\n\t\t\tStaticText 'get FREE delivery'\n\t\t\tStaticText 'Today 5\\u202fPM - 10\\u202fPM'\n\t\t\tStaticText 'on eligible orders'\n\t\t\tStaticText 'Or Non-members get FREE delivery'\n\t\t\tStaticText 'Thu, Jul 17'\n\t\t\tStaticText 'on $35 of items shipped by Amazon'\n\t\t\tStaticText 'Or FREE pickup'\n\t\t\t[4347] Section ''\n\t\t\t\t[4363] button 'Add to cart'\n\t\t[4371] listitem ''\n\t\t\t[4385] heading 'Greenies'\n\t\t\t\tStaticText 'Greenies'\n\t\t\t[4387] link 'Feline Smartbites Skin & Fur Health Crunchy and Soft Cat Treats, Chicken Flavor, 16 oz. Tub'\n\t\t\t\t[4388] heading 'Feline Smartbites Skin & Fur Health Crunchy and Soft Cat Treats, Chicken Flavor, 16 oz. Tub'\n\t\t\t\t\tStaticText 'Feline Smartbites Skin & Fur Health Crunchy and Soft Cat Treats, Chicken Flavor, 16 oz. Tub'\n\t\t\tStaticText '#1 Top Rated'\n\t\t\t[4396] button '4.8 out of 5 stars, rating details'\n\t\t\t[4402] link '18,764 ratings'\n\t\t\tStaticText '10K+ bought multiple times'\n\t\t\tStaticText 'Price, product page'\n\t\t\t[4410] link '$19.98 ($19.98/pound)', describedby='price-link'\n\t\t\t\tStaticText '$19.98'\n\t\t\t\tStaticText '('\n\t\t\t\tStaticText '$19.98'\n\t\t\t\tStaticText '/pound)'\n\t\t\tStaticText 'Prime members'\n\t\t\tStaticText 'get FREE delivery'\n\t\t\tStaticText 'Today 5\\u202fPM - 10\\u202fPM'\n\t\t\tStaticText 'on eligible orders'\n\t\t\tStaticText 'Or Non-members get FREE delivery'\n\t\t\tStaticText 'Thu, Jul 17'\n\t\t\tStaticText 'on $35 of items shipped by Amazon'\n\t\t\t[4445] Section ''\n\t\t\t\t[4461] button 'Add to cart'\n\t\t\tStaticText 'More Buying Choices'\n\t\t\tStaticText '$19.95'\n\t\t\t[4476] link '(3 new offers)'\n\t\t[4482] listitem ''\n\t\t\t[4496] heading 'Greenies'\n\t\t\t\tStaticText 'Greenies'\n\t\t\t[4498] link 'Anytime Bites Dog Treats, Original Flavor, 10.3 oz. Bag'\n\t\t\t\t[4499] heading 'Anytime Bites Dog Treats, Original Flavor, 10.3 oz. Bag'\n\t\t\t\t\tStaticText 'Anytime Bites Dog Treats, Original Flavor, 10.3 oz. Bag'\n\t\t\t[4505] button '4.8 out of 5 stars, rating details'\n\t\t\t[4511] link '5,038 ratings'\n\t\t\tStaticText '10K+ bought multiple times'\n\t\t\tStaticText 'Price, product page'\n\t\t\t[4519] link '$17.98 ($27.93/lb)', describedby='price-link'\n\t\t\t\tStaticText '$17.98'\n\t\t\t\tStaticText '('\n\t\t\t\tStaticText '$27.93'\n\t\t\t\tStaticText '/lb)'\n\t\t\tStaticText 'Prime members'\n\t\t\tStaticText 'get FREE delivery'\n\t\t\tStaticText 'Today 5\\u202fPM - 10\\u202fPM'\n\t\t\tStaticText 'on eligible orders'\n\t\t\tStaticText 'Or Non-members get FREE delivery'\n\t\t\tStaticText 'Thu, Jul 17'\n\t\t\tStaticText 'on $35 of items shipped by Amazon'\n\t\t\t[4554] Section ''\n\t\t\t\t[4570] button 'Add to cart'\n\t\t\tStaticText 'More Buying Choices'\n\t\t\tStaticText '$14.89'\n\t\t\t[4585] link '(5 new offers)'\n\t\t\tStaticText 'Also available with:'\n\t\t\t[4596] link 'PantherProvisions'\n\t\t[4597] listitem ''\n\t\t\t[4611] heading 'Greenies'\n\t\t\t\tStaticText 'Greenies'\n\t\t\t[4613] link 'Feline Adult Dental Cat Treats, Savory Salmon Flavor, 4.6 oz. Pack'\n\t\t\t\t[4614] heading 'Feline Adult Dental Cat Treats, Savory Salmon Flavor, 4.6 oz. Pack'\n\t\t\t\t\tStaticText 'Feline Adult Dental Cat Treats, Savory Salmon Flavor, 4.6 oz. Pack'\n\t\t\t[4620] button '4.8 out of 5 stars, rating details'\n\t\t\t[4626] link '15,375 ratings'\n\t\t\tStaticText '10K+ bought multiple times'\n\t\t\tStaticText 'Price, product page'\n\t\t\t[4634] link '$5.48 ($1.19/ounce)', describedby='price-link'\n\t\t\t\tStaticText '$5.48'\n\t\t\t\tStaticText '('\n\t\t\t\tStaticText '$1.19'\n\t\t\t\tStaticText '/ounce)'\n\t\t\tStaticText 'Prime members'\n\t\t\tStaticText 'get FREE delivery'\n\t\t\tStaticText 'Today 5\\u202fPM - 10\\u202fPM'\n\t\t\tStaticText 'on eligible orders'\n\t\t\tStaticText 'Or Non-members get FREE delivery'\n\t\t\tStaticText 'Thu, Jul 17'\n\t\t\tStaticText 'on $35 of items shipped by Amazon'\n\t\t\tStaticText 'Or FREE pickup'\n\t\t\t[4671] Section ''\n\t\t\t\t[4687] button 'Add to cart'\n\t\t[4695] listitem ''\n\t\t\t[4709] heading 'Greenies'\n\t\t\t\tStaticText 'Greenies'\n\t\t\t[4711] link 'Aging Care Teenie Dental Dog Treats, 27 oz. Pack (96 Treats)'\n\t\t\t\t[4712] heading 'Aging Care Teenie Dental Dog Treats, 27 oz. Pack (96 Treats)'\n\t\t\t\t\tStaticText 'Aging Care Teenie Dental Dog Treats, 27 oz. Pack (96 Treats)'\n\t\t\t[4718] button '4.7 out of 5 stars, rating details'\n\t\t\t[4724] link '6,739 ratings'\n\t\t\tStaticText '3K+ bought multiple times'\n\t\t\tStaticText 'Price, product page'\n\t\t\t[4732] link '$35.99 ($0.37/count)', describedby='price-link'\n\t\t\t\tStaticText '$35.99'\n\t\t\t\tStaticText '('\n\t\t\t\tStaticText '$0.37'\n\t\t\t\tStaticText '/count)'\n\t\t\tStaticText 'Prime members'\n\t\t\tStaticText 'get FREE delivery'\n\t\t\tStaticText 'Today 5\\u202fPM - 10\\u202fPM'\n\t\t\tStaticText 'Or Non-members get FREE delivery'\n\t\t\tStaticText 'Thu, Jul 17'\n\t\t\t[4767] Section ''\n\t\t\t\t[4783] button 'Add to cart'\n\t\t[4791] listitem ''\n\t\t\t[4805] heading 'Greenies'\n\t\t\t\tStaticText 'Greenies'\n\t\t\t[4807] link 'Weight Management Petite Dog Dental Chews Weight Control Dog Treats, 27 oz. Pack (45 Treats)'\n\t\t\t\t[4808] heading 'Weight Management Petite Dog Dental Chews Weight Control Dog Treats, 27 oz. Pack (45 Treats)'\n\t\t\t\t\tStaticText 'Weight Management Petite Dog Dental Chews Weight Control Dog Treats, 27 oz. Pack (45 Treats)'\n\t\t\t[4814] button '4.8 out of 5 stars, rating details'\n\t\t\t[4820] link '1,324 ratings'\n\t\t\tStaticText '4K+ bought multiple times'\n\t\t\tStaticText 'Price, product page'\n\t\t\t[4828] link '$32.98 ($0.73/count)', describedby='price-link'\n\t\t\t\tStaticText '$32.98'\n\t\t\t\tStaticText '('\n\t\t\t\tStaticText '$0.73'\n\t\t\t\tStaticText '/count)'\n\t\t\tStaticText 'Prime members'\n\t\t\tStaticText 'get FREE delivery'\n\t\t\tStaticText 'Today 5\\u202fPM - 10\\u202fPM'\n\t\t\tStaticText 'Or Non-members get FREE delivery'\n\t\t\tStaticText 'Thu, Jul 17'\n\t\t\tStaticText 'on $35 of items shipped by Amazon'\n\t\t\t[4863] Section ''\n\t\t\t\t[4879] button 'Add to cart'\n\t\t[4887] listitem ''\n\t\t\t[4901] heading 'Greenies'\n\t\t\t\tStaticText 'Greenies'\n\t\t\t[4903] link 'Feline Smartbites Healthy Indoor Cat Treats, Chicken Flavor, 4.6 oz. Pack'\n\t\t\t\t[4904] heading 'Feline Smartbites Healthy Indoor Cat Treats, Chicken Flavor, 4.6 oz. Pack'\n\t\t\t\t\tStaticText 'Feline Smartbites Healthy Indoor Cat Treats, Chicken Flavor, 4.6 oz. Pack'\n\t\t\t[4910] button '4.8 out of 5 stars, rating details'\n\t\t\t[4916] link '634 ratings'\n\t\t\tStaticText '6K+ bought multiple times'\n\t\t\tStaticText 'Price, product page'\n\t\t\t[4924] link '$5.48 ($1.19/ounce)', describedby='price-link'\n\t\t\t\tStaticText '$5.48'\n\t\t\t\tStaticText '('\n\t\t\t\tStaticText '$1.19'\n\t\t\t\tStaticText '/ounce)'\n\t\t\tStaticText 'Prime members'\n\t\t\tStaticText 'get FREE delivery'\n\t\t\tStaticText 'Today 5\\u202fPM - 10\\u202fPM'\n\t\t\tStaticText 'on eligible orders'\n\t\t\tStaticText 'Or Non-members get FREE delivery'\n\t\t\tStaticText 'Thu, Jul 17'\n\t\t\tStaticText 'on $35 of items shipped by Amazon'\n\t\t\t[4959] Section ''\n\t\t\t\t[4975] button 'Add to cart'\n\t\t[4983] listitem ''\n\t\t\t[4992] group 'Best Sellerin Dog Dental Care'\n\t\t\t[5004] heading 'Minties'\n\t\t\t\tStaticText 'Minties'\n\t\t\t[5006] link 'Dental Chews for Dogs, 60 Count, Vet-Recommended Mint-Flavored Treats for Medium Dogs 25-50 lbs, Bones Clean Teeth, Fight Bad Breath, and Removes Plaque and Tartar'\n\t\t\t\t[5007] heading 'Dental Chews for Dogs, 60 Count, Vet-Recommended Mint-Flavored Treats for Medium Dogs 25-50 lbs, Bones Clean Teeth, Fight Bad Breath, and Removes Plaque and Tartar'\n\t\t\t\t\tStaticText 'Dental Chews for Dogs, 60 Count, Vet-Recommended Mint-Flavored Treats for Medium Dogs 25-50 lbs, Bones Clean Teeth, Fight Bad Breath, and Removes Plaque and Tartar'\n\t\t\t[5013] button '4.5 out of 5 stars, rating details'\n\t\t\t[5019] link '33,378 ratings'\n\t\t\tStaticText '30K+ bought multiple times'\n\t\t\tStaticText 'Price, product page'\n\t\t\t[5027] link '$22.44 ($0.47/ounce)', describedby='price-link'\n\t\t\t\tStaticText '$22.44'\n\t\t\t\tStaticText '('\n\t\t\t\tStaticText '$0.47'\n\t\t\t\tStaticText '/ounce)'\n\t\t\tStaticText 'Prime members'\n\t\t\tStaticText 'get FREE delivery'\n\t\t\tStaticText 'Today 5\\u202fPM - 10\\u202fPM'\n\t\t\tStaticText 'on eligible orders'\n\t\t\tStaticText 'Or Non-members get FREE delivery'\n\t\t\tStaticText 'Thu, Jul 17'\n\t\t\tStaticText 'on $35 of items shipped by Amazon'\n\t\t\t[5062] Section ''\n\t\t\t\t[5078] button 'Add to cart'\n\t\t[5086] listitem ''\n\t\t\t[5095] group 'Best Sellerin Soft Cat Treats'\n\t\t\t[5107] heading 'Greenies'\n\t\t\t\tStaticText 'Greenies'\n\t\t\t[5109] link 'Feline Pill Pockets for Cats Natural Soft Cat Treats, Chicken Flavor, 3 oz. Pouch (85 Treats)'\n\t\t\t\t[5110] heading 'Feline Pill Pockets for Cats Natural Soft Cat Treats, Chicken Flavor, 3 oz. Pouch (85 Treats)'\n\t\t\t\t\tStaticText 'Feline Pill Pockets for Cats Natural Soft Cat Treats, Chicken Flavor, 3 oz. Pouch (85 Treats)'\n\t\t\t[5116] button '4.4 out of 5 stars, rating details'\n\t\t\t[5122] link '26,163 ratings'\n\t\t\tStaticText '30K+ bought multiple times'\n\t\t\tStaticText 'Price, product page'\n\t\t\t[5130] link '$10.98 ($0.13/count)', describedby='price-link'\n\t\t\t\tStaticText '$10.98'\n\t\t\t\tStaticText '('\n\t\t\t\tStaticText '$0.13'\n\t\t\t\tStaticText '/count)'\n\t\t\tStaticText 'FREE delivery'\n\t\t\tStaticText 'Thu, Jul 17'\n\t\t\tStaticText 'on $35 of items shipped by Amazon'\n\t\t\t[5162] Section ''\n\t\t\t\t[5178] button 'Add to cart'\n\t\t\tStaticText 'More Buying Choices'\n\t\t\tStaticText '$7.99'\n\t\t\t[5193] link '(4 new offers)'\n\t\t[5199] listitem ''\n\t\t\t[5213] heading 'Greenies'\n\t\t\t\tStaticText 'Greenies'\n\t\t\t[5215] link 'Puppy Teenie Size Dental Dog Treats, 12 oz. Pack (43 Treats)'\n\t\t\t\t[5216] heading 'Puppy Teenie Size Dental Dog Treats, 12 oz. Pack (43 Treats)'\n\t\t\t\t\tStaticText 'Puppy Teenie Size Dental Dog Treats, 12 oz. Pack (43 Treats)'\n\t\t\t[5222] button '4.6 out of 5 stars, rating details'\n\t\t\t[5228] link '766 ratings'\n\t\t\tStaticText '1K+ bought multiple times'\n\t\t\tStaticText 'Price, product page'\n\t\t\t[5236] link '$17.98 ($0.42/count)', describedby='price-link'\n\t\t\t\tStaticText '$17.98'\n\t\t\t\tStaticText '('\n\t\t\t\tStaticText '$0.42'\n\t\t\t\tStaticText '/count)'\n\t\t\tStaticText 'FREE delivery'\n\t\t\tStaticText 'Thu, Jul 17'\n\t\t\tStaticText 'on $35 of items shipped by Amazon'\n\t\t\t[5268] Section ''\n\t\t\t\t[5284] button 'Add to cart'\n\t\t[5292] listitem ''\n\t\t\t[5306] heading 'Greenies'\n\t\t\t\tStaticText 'Greenies'\n\t\t\t[5308] link 'Smartbites Immune Support Crunchy & Soft Dog Treats, Chicken Flavor, 28 oz. Pack'\n\t\t\t\t[5309] heading 'Smartbites Immune Support Crunchy & Soft Dog Treats, Chicken Flavor, 28 oz. Pack'\n\t\t\t\t\tStaticText 'Smartbites Immune Support Crunchy & Soft Dog Treats, Chicken Flavor, 28 oz. Pack'\n\t\t\t[5315] button '4.7 out of 5 stars, rating details'\n\t\t\t[5321] link '1,581 ratings'\n\t\t\tStaticText '4K+ bought multiple times'\n\t\t\tStaticText 'Price, product page'\n\t\t\t[5329] link '$17.98 ($10.27/lb)', describedby='price-link'\n\t\t\t\tStaticText '$17.98'\n\t\t\t\tStaticText '('\n\t\t\t\tStaticText '$10.27'\n\t\t\t\tStaticText '/lb)'\n\t\t\tStaticText 'Prime members'\n\t\t\tStaticText 'get FREE delivery'\n\t\t\tStaticText 'Today 5\\u202fPM - 10\\u202fPM'\n\t\t\tStaticText 'on eligible orders'\n\t\t\tStaticText 'Or Non-members get FREE delivery'\n\t\t\tStaticText 'Thu, Jul 17'\n\t\t\tStaticText 'on $35 of items shipped by Amazon'\n\t\t\t[5364] Section ''\n\t\t\t\t[5380] button 'Add to cart'\n\t\t[5388] listitem ''\n\t\t\t[5402] heading 'Greenies'\n\t\t\t\tStaticText 'Greenies'\n\t\t\t[5404] link 'Feline Smartbites Healthy Kitten Treats, Crunchy and Soft Natural Cat Treats, Chicken Flavor, 16 oz Tub'\n\t\t\t\t[5405] heading 'Feline Smartbites Healthy Kitten Treats, Crunchy and Soft Natural Cat Treats, Chicken Flavor, 16 oz Tub'\n\t\t\t\t\tStaticText 'Feline Smartbites Healthy Kitten Treats, Crunchy and Soft Natural Cat Treats, Chicken Flavor, 16 oz Tub'\n\t\t\t[5411] button '4.7 out of 5 stars, rating details'\n\t\t\t[5417] link '1,475 ratings'\n\t\t\tStaticText '5K+ bought multiple times'\n\t\t\tStaticText 'Price, product page'\n\t\t\t[5425] link '$19.98 ($1.25/ounce)', describedby='price-link'\n\t\t\t\tStaticText '$19.98'\n\t\t\t\tStaticText '('\n\t\t\t\tStaticText '$1.25'\n\t\t\t\tStaticText '/ounce)'\n\t\t\tStaticText 'Prime members'\n\t\t\tStaticText 'get FREE delivery'\n\t\t\tStaticText 'Today 5\\u202fPM - 10\\u202fPM'\n\t\t\tStaticText 'on eligible orders'\n\t\t\tStaticText 'Or Non-members get FREE delivery'\n\t\t\tStaticText 'Thu, Jul 17'\n\t\t\tStaticText 'on $35 of items shipped by Amazon'\n\t\t\t[5460] Section ''\n\t\t\t\t[5476] button 'Add to cart'\n\t\t[5484] listitem ''\n\t\t\t[5498] heading 'Greenies'\n\t\t\t\tStaticText 'Greenies'\n\t\t\t[5500] link 'Weight Management Large Dog Dental Chews Weight Control Dog Treats, 27 oz. Pack (17 Treats)'\n\t\t\t\t[5501] heading 'Weight Management Large Dog Dental Chews Weight Control Dog Treats, 27 oz. Pack (17 Treats)'\n\t\t\t\t\tStaticText 'Weight Management Large Dog Dental Chews Weight Control Dog Treats, 27 oz. Pack (17 Treats)'\n\t\t\t[5507] button '4.7 out of 5 stars, rating details'\n\t\t\t[5513] link '582 ratings'\n\t\t\tStaticText '1K+ bought multiple times'\n\t\t\tStaticText 'Price, product page'\n\t\t\t[5521] link '$32.98 ($1.94/count)', describedby='price-link'\n\t\t\t\tStaticText '$32.98'\n\t\t\t\tStaticText '('\n\t\t\t\tStaticText '$1.94'\n\t\t\t\tStaticText '/count)'\n\t\t\tStaticText 'Prime members'\n\t\t\tStaticText 'get FREE delivery'\n\t\t\tStaticText 'Today 5\\u202fPM - 10\\u202fPM'\n\t\t\tStaticText 'Or Non-members get FREE delivery'\n\t\t\tStaticText 'Thu, Jul 17'\n\t\t\tStaticText 'on $35 of items shipped by Amazon'\n\t\t\t[5556] Section ''\n\t\t\t\t[5572] button 'Add to cart'\n\t\t[5580] listitem ''\n\t\t\t[5594] heading 'Greenies'\n\t\t\t\tStaticText 'Greenies'\n\t\t\t[5596] link 'Dog Supplements 8-in-1 Multi-Benefit Chicken Flavor, 15.5 oz. Container, 80 Count'\n\t\t\t\t[5597] heading 'Dog Supplements 8-in-1 Multi-Benefit Chicken Flavor, 15.5 oz. Container, 80 Count'\n\t\t\t\t\tStaticText 'Dog Supplements 8-in-1 Multi-Benefit Chicken Flavor, 15.5 oz. Container, 80 Count'\n\t\t\t[5603] button '4.4 out of 5 stars, rating details'\n\t\t\t[5609] link '138 ratings'\n\t\t\tStaticText '200+ bought multiple times'\n\t\t\tStaticText 'Price, product page'\n\t\t\t[5617] link '$23.09 ($0.29/count) List: $29.98', describedby='price-link'\n\t\t\t\tStaticText '$23.09'\n\t\t\t\tStaticText '('\n\t\t\t\tStaticText '$0.29'\n\t\t\t\tStaticText '/count)'\n\t\t\t\tStaticText 'List: $29.98'\n\t\t\tStaticText 'FREE delivery'\n\t\t\tStaticText 'Fri, Jul 18'\n\t\t\tStaticText 'on $35 of items shipped by Amazon'\n\t\t\t[5655] Section ''\n\t\t\t\t[5671] button 'Add to cart'\n\t\t[5679] listitem ''\n\t\t\t[5693] heading 'Greenies'\n\t\t\t\tStaticText 'Greenies'\n\t\t\t[5695] link 'Pill Pockets for Dogs Small Size, Soft Dog Treats, with Real Peanut Butter, 3.2 oz. Pouch (30 Treats)'\n\t\t\t\t[5696] heading 'Pill Pockets for Dogs Small Size, Soft Dog Treats, with Real Peanut Butter, 3.2 oz. Pouch (30 Treats)'\n\t\t\t\t\tStaticText 'Pill Pockets for Dogs Small Size, Soft Dog Treats, with Real Peanut Butter, 3.2 oz. Pouch (30 Treats)'\n\t\t\t[5702] button '4.6 out of 5 stars, rating details'\n\t\t\t[5708] link '22,852 ratings'\n\t\t\tStaticText '40K+ bought multiple times'\n\t\t\tStaticText 'Price, product page'\n\t\t\t[5716] link '$9.98 ($0.33/count)', describedby='price-link'\n\t\t\t\tStaticText '$9.98'\n\t\t\t\tStaticText '('\n\t\t\t\tStaticText '$0.33'\n\t\t\t\tStaticText '/count)'\n\t\t\tStaticText 'Prime members'\n\t\t\tStaticText 'get FREE delivery'\n\t\t\tStaticText 'Today 5\\u202fPM - 10\\u202fPM'\n\t\t\tStaticText 'on eligible orders'\n\t\t\tStaticText 'Or Non-members get FREE delivery'\n\t\t\tStaticText 'Thu, Jul 17'\n\t\t\tStaticText 'on $35 of items shipped by Amazon'\n\t\t\t[5751] Section ''\n\t\t\t\t[5767] button 'Add to cart'\n\t\t[5775] listitem ''\n\t\t\t[5789] heading 'Greenies'\n\t\t\t\tStaticText 'Greenies'\n\t\t\t[5791] link 'Weight Management TEENIE Dental Dog Chews - 27 Ounces 96 Treats'\n\t\t\t\t[5792] heading 'Weight Management TEENIE Dental Dog Chews - 27 Ounces 96 Treats'\n\t\t\t\t\tStaticText 'Weight Management TEENIE Dental Dog Chews - 27 Ounces 96 Treats'\n\t\t\t[5798] button '4.7 out of 5 stars, rating details'\n\t\t\t[5804] link '221 ratings'\n\t\t\tStaticText '1K+ bought multiple times'\n\t\t\tStaticText 'Price, product page'\n\t\t\t[5812] link '$32.98 ($19.54/lb)', describedby='price-link'\n\t\t\t\tStaticText '$32.98'\n\t\t\t\tStaticText '('\n\t\t\t\tStaticText '$19.54'\n\t\t\t\tStaticText '/lb)'\n\t\t\tStaticText 'FREE delivery'\n\t\t\tStaticText 'Fri, Jul 18'\n\t\t\tStaticText 'on $35 of items shipped by Amazon'\n\t\t\tStaticText 'Only 17 left in stock - order soon.'\n\t\t\t[5848] Section ''\n\t\t\t\t[5864] button 'Add to cart'\n\t\t[5872] listitem ''\n\t\t\t[5886] heading 'Greenies'\n\t\t\t\tStaticText 'Greenies'\n\t\t\t[5888] link 'Supplements Hip and Joint Supplements for Dogs, Chicken Flavor, 16.2 oz. 80-Count'\n\t\t\t\t[5889] heading 'Supplements Hip and Joint Supplements for Dogs, Chicken Flavor, 16.2 oz. 80-Count'\n\t\t\t\t\tStaticText 'Supplements Hip and Joint Supplements for Dogs, Chicken Flavor, 16.2 oz. 80-Count'\n\t\t\t[5895] button '4.5 out of 5 stars, rating details'\n\t\t\t[5901] link '523 ratings'\n\t\t\tStaticText '3K+ bought multiple times'\n\t\t\tStaticText 'Price, product page'\n\t\t\t[5909] link '$27.06 ($0.34/count) List: $37.98', describedby='price-link'\n\t\t\t\tStaticText '$27.06'\n\t\t\t\tStaticText '('\n\t\t\t\tStaticText '$0.34'\n\t\t\t\tStaticText '/count)'\n\t\t\t\tStaticText 'List: $37.98'\n\t\t\tStaticText 'FREE delivery'\n\t\t\tStaticText 'Thu, Jul 17'\n\t\t\tStaticText 'on $35 of items shipped by Amazon'\n\t\t\t[5947] Section ''\n\t\t\t\t[5963] button 'Add to cart'\n\t\t[5971] listitem ''\n\t\t\t[5985] heading 'Greenies'\n\t\t\t\tStaticText 'Greenies'\n\t\t\t[5987] link 'Supplements Calming Chews for Dogs Chicken Flavor, 14.7 oz. Container of 80 ct.'\n\t\t\t\t[5988] heading 'Supplements Calming Chews for Dogs Chicken Flavor, 14.7 oz. Container of 80 ct.'\n\t\t\t\t\tStaticText 'Supplements Calming Chews for Dogs Chicken Flavor, 14.7 oz. Container of 80 ct.'\n\t\t\t[5994] button '4.2 out of 5 stars, rating details'\n\t\t\t[6000] link '509 ratings'\n\t\t\tStaticText '900+ bought multiple times'\n\t\t\tStaticText 'Price, product page'\n\t\t\t[6008] link '$29.98 ($0.37/count)', describedby='price-link'\n\t\t\t\tStaticText '$29.98'\n\t\t\t\tStaticText '('\n\t\t\t\tStaticText '$0.37'\n\t\t\t\tStaticText '/count)'\n\t\t\tStaticText 'FREE delivery'\n\t\t\tStaticText 'Fri, Jul 18'\n\t\t\tStaticText 'on $35 of items shipped by Amazon'\n\t\t\t[6040] Section ''\n\t\t\t\t[6056] button 'Add to cart'\n\t\t[6064] listitem ''\n\t\t\t[6078] heading 'Greenies'\n\t\t\t\tStaticText 'Greenies'\n\t\t\t[6080] link 'Aging Care Large Dental Dog Treats, 27 oz. Pack (17 Treats)'\n\t\t\t\t[6081] heading 'Aging Care Large Dental Dog Treats, 27 oz. Pack (17 Treats)'\n\t\t\t\t\tStaticText 'Aging Care Large Dental Dog Treats, 27 oz. Pack (17 Treats)'\n\t\t\t[6087] button '4.5 out of 5 stars, rating details'\n\t\t\t[6093] link '264 ratings'\n\t\t\tStaticText '700+ bought multiple times'\n\t\t\tStaticText 'Price, product page'\n\t\t\t[6101] link '$35.98 ($2.12/count)', describedby='price-link'\n\t\t\t\tStaticText '$35.98'\n\t\t\t\tStaticText '('\n\t\t\t\tStaticText '$2.12'\n\t\t\t\tStaticText '/count)'\n\t\t\tStaticText 'FREE delivery'\n\t\t\tStaticText 'Thu, Jul 17'\n\t\t\t[6133] Section ''\n\t\t\t\t[6149] button 'Add to cart'\n\t\t[6157] listitem ''\n\t\t\t[6171] heading 'Greenies'\n\t\t\t\tStaticText 'Greenies'\n\t\t\t[6173] link 'Puppy Regular Size Dental Dog Treats, 12 oz. Pack (12 Treats)'\n\t\t\t\t[6174] heading 'Puppy Regular Size Dental Dog Treats, 12 oz. Pack (12 Treats)'\n\t\t\t\t\tStaticText 'Puppy Regular Size Dental Dog Treats, 12 oz. Pack (12 Treats)'\n\t\t\t[6180] button '4.5 out of 5 stars, rating details'\n\t\t\t[6186] link '134 ratings'\n\t\t\tStaticText '400+ bought multiple times'\n\t\t\tStaticText 'Price, product page'\n\t\t\t[6194] link '$17.96 ($23.95/lb)', describedby='price-link'\n\t\t\t\tStaticText '$17.96'\n\t\t\t\tStaticText '('\n\t\t\t\tStaticText '$23.95'\n\t\t\t\tStaticText '/lb)'\n\t\t\tStaticText 'FREE delivery'\n\t\t\tStaticText 'Fri, Jul 18'\n\t\t\tStaticText 'on $35 of items shipped by Amazon'\n\t\t\t[6226] Section ''\n\t\t\t\t[6242] button 'Add to cart'\n\t\t[6250] listitem ''\n\t\t\t[6264] heading 'Greenies'\n\t\t\t\tStaticText 'Greenies'\n\t\t\t[6266] link 'Supplements Dog Skin and Coat Supplements with Fish Oil & Omega 3 Fatty Acids, Chicken Flavor, 14.7 oz. 80-Count'\n\t\t\t\t[6267] heading 'Supplements Dog Skin and Coat Supplements with Fish Oil & Omega 3 Fatty Acids, Chicken Flavor, 14.7 oz. 80-Count'\n\t\t\t\t\tStaticText 'Supplements Dog Skin and Coat Supplements with Fish Oil & Omega 3 Fatty Acids, Chicken Flavor, 14.7 oz. 80-Count'\n\t\t\t[6273] button '3.5 out of 5 stars, rating details'\n\t\t\t[6279] link '281 ratings'\n\t\t\tStaticText '1K+ bought multiple times'\n\t\t\tStaticText 'Price, product page'\n\t\t\t[6287] link '$23.99 ($0.30/count) List: $29.98', describedby='price-link'\n\t\t\t\tStaticText '$23.99'\n\t\t\t\tStaticText '('\n\t\t\t\tStaticText '$0.30'\n\t\t\t\tStaticText '/count)'\n\t\t\t\tStaticText 'List: $29.98'\n\t\t\tStaticText 'FREE delivery'\n\t\t\tStaticText 'Fri, Jul 18'\n\t\t\tStaticText 'on $35 of items shipped by Amazon'\n\t\t\t[6325] Section ''\n\t\t\t\t[6341] button 'Add to cart'\n\t\t[6349] listitem ''\n\t\t\t[6363] heading 'Greenies'\n\t\t\t\tStaticText 'Greenies'\n\t\t\t[6365] link 'Bursting Blueberry Dog Dental Treat Regular Size 12 count - Pack of 3'\n\t\t\t\t[6366] heading 'Bursting Blueberry Dog Dental Treat Regular Size 12 count - Pack of 3'\n\t\t\t\t\tStaticText 'Bursting Blueberry Dog Dental Treat Regular Size 12 count - Pack of 3'\n\t\t\t[6372] button '4.7 out of 5 stars, rating details'\n\t\t\t[6378] link '115 ratings'\n\t\t\tStaticText '300+ bought multiple times'\n\t\t\tStaticText 'Price, product page'\n\t\t\t[6386] link '$53.94 ($1.50/ounce)', describedby='price-link'\n\t\t\t\tStaticText '$53.94'\n\t\t\t\tStaticText '('\n\t\t\t\tStaticText '$1.50'\n\t\t\t\tStaticText '/ounce)'\n\t\t\tStaticText 'FREE delivery'\n\t\t\tStaticText 'Fri, Jul 18'\n\t\t\t[6418] Section ''\n\t\t\t\t[6434] button 'Add to cart'\n\t\t[6442] listitem ''\n\t\t\t[6456] heading 'Greenies'\n\t\t\t\tStaticText 'Greenies'\n\t\t\t[6458] link 'Smart Topper High Protein Wet Mix-in for Dogs, Chicken, Green Beans & Sweet Potatoes Recipe in Vitabroth Broth - Bone Broth + Vitamins E & B1, 10 Count'\n\t\t\t\t[6459] heading 'Smart Topper High Protein Wet Mix-in for Dogs, Chicken, Green Beans & Sweet Potatoes Recipe in Vitabroth Broth - Bone Broth + Vitamins E & B1, 10 Count'\n\t\t\t\t\tStaticText 'Smart Topper High Protein Wet Mix-in for Dogs, Chicken, Green Beans & Sweet Potatoes Recipe in Vitabroth Broth - Bone Broth + Vitamins E & B1, 10 Count'\n\t\t\t[6465] button '4.4 out of 5 stars, rating details'\n\t\t\t[6471] link '99 ratings'\n\t\t\tStaticText '700+ bought multiple times'\n\t\t\tStaticText 'Price, product page'\n\t\t\t[6479] link '$27.90 ($2.79/count)', describedby='price-link'\n\t\t\t\tStaticText '$27.90'\n\t\t\t\tStaticText '('\n\t\t\t\tStaticText '$2.79'\n\t\t\t\tStaticText '/count)'\n\t\t\tStaticText 'FREE delivery'\n\t\t\tStaticText 'Thu, Jul 17'\n\t\t\tStaticText 'on $35 of items shipped by Amazon'\n\t\t\t[6511] Section ''\n\t\t\t\t[6527] button 'Add to cart'\n\t\t[6535] listitem ''\n\t\t\t[6549] heading 'Greenies'\n\t\t\t\tStaticText 'Greenies'\n\t\t\t[6551] link 'Smart Essentials Small Breed Adult High Protein Dry Dog Food Real Chicken & Rice Recipe, 5.5 lb. Bag'\n\t\t\t\t[6552] heading 'Smart Essentials Small Breed Adult High Protein Dry Dog Food Real Chicken & Rice Recipe, 5.5 lb. Bag'\n\t\t\t\t\tStaticText 'Smart Essentials Small Breed Adult High Protein Dry Dog Food Real Chicken & Rice Recipe, 5.5 lb. Bag'\n\t\t\t[6558] button '4.6 out of 5 stars, rating details'\n\t\t\t[6564] link '265 ratings'\n\t\t\tStaticText '800+ bought multiple times'\n\t\t\tStaticText 'Price, product page'\n\t\t\t[6572] link '$19.99 ($3.63/lb)', describedby='price-link'\n\t\t\t\tStaticText '$19.99'\n\t\t\t\tStaticText '('\n\t\t\t\tStaticText '$3.63'\n\t\t\t\tStaticText '/lb)'\n\t\t\tStaticText 'FREE delivery'\n\t\t\tStaticText 'Fri, Jul 18'\n\t\t\tStaticText 'on $35 of items shipped by Amazon'\n\t\t\t[6604] Section ''\n\t\t\t\t[6620] button 'Add to cart'\n\t\t[6628] listitem ''\n\t\t\t[6642] heading 'Greenies'\n\t\t\t\tStaticText 'Greenies'\n\t\t\t[6644] link 'Puppy Petite Size Dental Dog Treats, 12 oz. Pack (20 Treats)'\n\t\t\t\t[6645] heading 'Puppy Petite Size Dental Dog Treats, 12 oz. Pack (20 Treats)'\n\t\t\t\t\tStaticText 'Puppy Petite Size Dental Dog Treats, 12 oz. Pack (20 Treats)'\n\t\t\t[6651] button '4.5 out of 5 stars, rating details'\n\t\t\t[6657] link '136 ratings'\n\t\t\tStaticText '300+ bought multiple times'\n\t\t\tStaticText 'Price, product page'\n\t\t\t[6665] link '$17.99 ($23.99/lb)', describedby='price-link'\n\t\t\t\tStaticText '$17.99'\n\t\t\t\tStaticText '('\n\t\t\t\tStaticText '$23.99'\n\t\t\t\tStaticText '/lb)'\n\t\t\tStaticText 'FREE delivery'\n\t\t\tStaticText 'Fri, Jul 18'\n\t\t\tStaticText 'on $35 of items shipped by Amazon'\n\t\t\t[6697] Section ''\n\t\t\t\t[6713] button 'Add to cart'\n\t\t[6721] listitem ''\n\t\t\t[6735] heading 'KIRKLAND'\n\t\t\t\tStaticText 'KIRKLAND'\n\t\t\t[6737] link 'Signature Dental Chews, 72-Count'\n\t\t\t\t[6738] heading 'Signature Dental Chews, 72-Count'\n\t\t\t\t\tStaticText 'Signature Dental Chews, 72-Count'\n\t\t\t[6744] button '4.6 out of 5 stars, rating details'\n\t\t\t[6750] link '3,599 ratings'\n\t\t\tStaticText '8K+ bought multiple times'\n\t\t\tStaticText 'Price, product page'\n\t\t\t[6758] link '$42.99 ($10.16/lb) List: $45.10', describedby='price-link'\n\t\t\t\tStaticText '$42.99'\n\t\t\t\tStaticText '('\n\t\t\t\tStaticText '$10.16'\n\t\t\t\tStaticText '/lb)'\n\t\t\t\tStaticText 'List: $45.10'\n\t\t\tStaticText 'FREE delivery'\n\t\t\tStaticText 'Only 2 left in stock - order soon.'\n\t\t\t[6799] Section ''\n\t\t\t\t[6815] button 'Add to cart'\n\t\t\tStaticText 'More Buying Choices'\n\t\t\tStaticText '$38.41'\n\t\t\t[6830] link '(52 new offers)'\n\t\t\tStaticText 'Also available with:'\n\t\t\t[6841] link 'MODERN NECESSITIES'\n\t\t[6842] listitem ''\n\t\t\t[6856] heading 'Greenies'\n\t\t\t\tStaticText 'Greenies'\n\t\t\t[6858] link 'Smart Essentials Sensitive Digestion & Skin Adult Dry Dog Food Real Lamb & Brown Rice Recipe, 15 lb. Bag'\n\t\t\t\t[6859] heading 'Smart Essentials Sensitive Digestion & Skin Adult Dry Dog Food Real Lamb & Brown Rice Recipe, 15 lb. Bag'\n\t\t\t\t\tStaticText 'Smart Essentials Sensitive Digestion & Skin Adult Dry Dog Food Real Lamb & Brown Rice Recipe, 15 lb. Bag'\n\t\t\t[6865] button '4.6 out of 5 stars, rating details'\n\t\t\t[6871] link '197 ratings'\n\t\t\tStaticText '200+ bought multiple times'\n\t\t\tStaticText 'Price, product page'\n\t\t\t[6879] link '$47.99 ($3.20/lb)', describedby='price-link'\n\t\t\t\tStaticText '$47.99'\n\t\t\t\tStaticText '('\n\t\t\t\tStaticText '$3.20'\n\t\t\t\tStaticText '/lb)'\n\t\t\tStaticText 'FREE delivery'\n\t\t\tStaticText 'Fri, Jul 18'\n\t\t\t[6911] Section ''\n\t\t\t\t[6927] button 'Add to cart'\n\t\t\tStaticText 'More Buying Choices'\n\t\t\tStaticText '$43.99'\n\t\t\t[6942] link '(2 new offers)'\n\t\t\tStaticText 'Also available with:'\n\t\t\t[6953] link \"Old McDonald's\"\n\t\t[6954] listitem ''\n\t\t\t[6968] heading 'Greenies'\n\t\t\t\tStaticText 'Greenies'\n\t\t\t[6970] link '(4 Pack Feline Dental Cat Treat Variety Bundle 4 Flavors - 2.1oz Each Bag'\n\t\t\t\t[6971] heading '(4 Pack Feline Dental Cat Treat Variety Bundle 4 Flavors - 2.1oz Each Bag'\n\t\t\t\t\tStaticText '(4 Pack Feline Dental Cat Treat Variety Bundle 4 Flavors - 2.1oz Each Bag'\n\t\t\t[6977] button '4.6 out of 5 stars, rating details'\n\t\t\t[6983] link '125 ratings'\n\t\t\tStaticText '600+ bought multiple times'\n\t\t\tStaticText 'Price, product page'\n\t\t\t[6991] link '$37.00 ($4.40/ounce)', describedby='price-link'\n\t\t\t\tStaticText '$37.00'\n\t\t\t\tStaticText '('\n\t\t\t\tStaticText '$4.40'\n\t\t\t\tStaticText '/ounce)'\n\t\t\tStaticText 'FREE delivery'\n\t\t\tStaticText 'Jul 25 - 29'\n\t\t\tStaticText 'Or fastest delivery'\n\t\t\tStaticText 'Thu, Jul 17'\n\t\t\t[7024] Section ''\n\t\t\t\t[7040] button 'Add to cart'\n\t\t[7048] listitem ''\n\t\t\t[7061] link '2 Pack - Greenies Treats for Dogs (5-15 lbs/2-7 kg) Mini Treat-Pak-Teenie 6 oz'\n\t\t\t\t[7062] heading '2 Pack - Greenies Treats for Dogs (5-15 lbs/2-7 kg) Mini Treat-Pak-Teenie 6 oz'\n\t\t\t\t\tStaticText '2 Pack - Greenies Treats for Dogs (5-15 lbs/2-7 kg) Mini Treat-Pak-Teenie 6 oz'\n\t\t\t[7068] button '4.8 out of 5 stars, rating details'\n\t\t\t[7074] link '1,161 ratings'\n\t\t\tStaticText '1K+ bought multiple times'\n\t\t\tStaticText 'Price, product page'\n\t\t\t[7082] link '$29.96 ($79.89/lb)', describedby='price-link'\n\t\t\t\tStaticText '$29.96'\n\t\t\t\tStaticText '('\n\t\t\t\tStaticText '$79.89'\n\t\t\t\tStaticText '/lb)'\n\t\t\tStaticText 'FREE delivery'\n\t\t\tStaticText 'Fri, Jul 18'\n\t\t\tStaticText 'on $35 of items shipped by Amazon'\n\t\t\tStaticText 'Only 9 left in stock - order soon.'\n\t\t\t[7118] Section ''\n\t\t\t\t[7134] button 'Add to cart'\n\t\t\tStaticText 'More Buying Choices'\n\t\t\tStaticText '$28.58'\n\t\t\t[7149] link '(3 new offers)'\n\t\t[7155] listitem ''\n\t\t\t[7169] heading 'KIRKLAND'\n\t\t\t\tStaticText 'KIRKLAND'\n\t\t\t[7171] link 'Signature Dental Chews 72 Dog Treats, Green'\n\t\t\t\t[7172] heading 'Signature Dental Chews 72 Dog Treats, Green'\n\t\t\t\t\tStaticText 'Signature Dental Chews 72 Dog Treats, Green'\n\t\t\t[7178] button '4.6 out of 5 stars, rating details'\n\t\t\t[7184] link '820 ratings'\n\t\t\tStaticText '1K+ bought multiple times'\n\t\t\tStaticText 'Price, product page'\n\t\t\t[7192] link '$39.97 ($0.59/ounce)', describedby='price-link'\n\t\t\t\tStaticText '$39.97'\n\t\t\t\tStaticText '('\n\t\t\t\tStaticText '$0.59'\n\t\t\t\tStaticText '/ounce)'\n\t\t\tStaticText 'FREE delivery'\n\t\t\tStaticText 'Jul 17 - 21'\n\t\t\t[7224] Section ''\n\t\t\t\t[7240] button 'Add to cart'\n\t\t[7248] listitem ''\n\t\t\t[7262] heading 'Greenies'\n\t\t\t\tStaticText 'Greenies'\n\t\t\t[7264] link 'Sensitive Care Allergy & Immune Support Dog Supplement Chicken-Free Formula, Peanut Butter Flavor, 40 Count Pouch'\n\t\t\t\t[7265] heading 'Sensitive Care Allergy & Immune Support Dog Supplement Chicken-Free Formula, Peanut Butter Flavor, 40 Count Pouch'\n\t\t\t\t\tStaticText 'Sensitive Care Allergy & Immune Support Dog Supplement Chicken-Free Formula, Peanut Butter Flavor, 40 Count Pouch'\n\t\t\t[7271] button '4.3 out of 5 stars, rating details'\n\t\t\t[7277] link '39 ratings'\n\t\t\tStaticText 'Price, product page'\n\t\t\t[7283] link '$19.98 ($0.50/count)', describedby='price-link'\n\t\t\t\tStaticText '$19.98'\n\t\t\t\tStaticText '('\n\t\t\t\tStaticText '$0.50'\n\t\t\t\tStaticText '/count)'\n\t\t\tStaticText 'FREE delivery'\n\t\t\tStaticText 'Fri, Jul 18'\n\t\t\tStaticText 'on $35 of items shipped by Amazon'\n\t\t\t[7315] Section ''\n\t\t\t\t[7331] button 'Add to cart'\n\t\t[7339] listitem ''\n\t\t\t[7353] heading 'Greenies'\n\t\t\t\tStaticText 'Greenies'\n\t\t\t[7355] link 'Supplements Digestive Health Probiotics for Dogs Chicken Flavor, 15.6 oz. Tub of 80 ct.'\n\t\t\t\t[7356] heading 'Supplements Digestive Health Probiotics for Dogs Chicken Flavor, 15.6 oz. Tub of 80 ct.'\n\t\t\t\t\tStaticText 'Supplements Digestive Health Probiotics for Dogs Chicken Flavor, 15.6 oz. Tub of 80 ct.'\n\t\t\t[7362] button '4.6 out of 5 stars, rating details'\n\t\t\t[7368] link '356 ratings'\n\t\t\tStaticText '900+ bought multiple times'\n\t\t\tStaticText 'Price, product page'\n\t\t\t[7376] link '$18.99 ($0.24/count) List: $29.98', describedby='price-link'\n\t\t\t\tStaticText '$18.99'\n\t\t\t\tStaticText '('\n\t\t\t\tStaticText '$0.24'\n\t\t\t\tStaticText '/count)'\n\t\t\t\tStaticText 'List: $29.98'\n\t\t\tStaticText 'FREE delivery'\n\t\t\tStaticText 'Fri, Jul 18'\n\t\t\tStaticText 'on $35 of items shipped by Amazon'\n\t\t\t[7414] Section ''\n\t\t\t\t[7430] button 'Add to cart'\n\t\t[7438] listitem ''\n\t\t\t[7452] heading 'Greenies'\n\t\t\t\tStaticText 'Greenies'\n\t\t\t[7454] link '3 Pack of Feline Chicken Flavored Pill Pockets, 1.6 Ounces Per Pack'\n\t\t\t\t[7455] heading '3 Pack of Feline Chicken Flavored Pill Pockets, 1.6 Ounces Per Pack'\n\t\t\t\t\tStaticText '3 Pack of Feline Chicken Flavored Pill Pockets, 1.6 Ounces Per Pack'\n\t\t\t[7461] button '4.7 out of 5 stars, rating details'\n\t\t\t[7467] link '1,193 ratings'\n\t\t\tStaticText '700+ bought multiple times'\n\t\t\t[7482] link 'See options'\n\t\t\tStaticText 'No featured offers available'\n\t\t\tStaticText '$27.79'\n\t\t\t[7491] link '(3 new offers)'\n\t\t[7497] listitem ''\n\t\t\t[7511] heading 'Greenies'\n\t\t\t\tStaticText 'Greenies'\n\t\t\t[7513] link 'Original TEENIE Natural Dental Care Dog Treats, 18 oz. Pack (65 Treats)'\n\t\t\t\t[7514] heading 'Original TEENIE Natural Dental Care Dog Treats, 18 oz. Pack (65 Treats)'\n\t\t\t\t\tStaticText 'Original TEENIE Natural Dental Care Dog Treats, 18 oz. Pack (65 Treats)'\n\t\t\t[7520] button '4.8 out of 5 stars, rating details'\n\t\t\t[7526] link '4,440 ratings'\n\t\t\tStaticText '7K+ bought multiple times'\n\t\t\tStaticText 'Price, product page'\n\t\t\t[7534] link '$43.99 ($0.68/count)', describedby='price-link'\n\t\t\t\tStaticText '$43.99'\n\t\t\t\tStaticText '('\n\t\t\t\tStaticText '$0.68'\n\t\t\t\tStaticText '/count)'\n\t\t\tStaticText 'FREE delivery'\n\t\t\tStaticText 'Jul 29 - 30'\n\t\t\tStaticText 'Or fastest delivery'\n\t\t\tStaticText 'Thu, Jul 17'\n\t\t\t[7567] Section ''\n\t\t\t\t[7583] button 'Add to cart'\n\t\t[7591] listitem ''\n\t\t\t[7605] heading 'Greenies'\n\t\t\t\tStaticText 'Greenies'\n\t\t\t[7607] link 'Sensitive Care Allergy & Immune Support Dog Supplement Chicken-Free Formula, Peanut Butter Flavor, 80 Count Tub'\n\t\t\t\t[7608] heading 'Sensitive Care Allergy & Immune Support Dog Supplement Chicken-Free Formula, Peanut Butter Flavor, 80 Count Tub'\n\t\t\t\t\tStaticText 'Sensitive Care Allergy & Immune Support Dog Supplement Chicken-Free Formula, Peanut Butter Flavor, 80 Count Tub'\n\t\t\t[7614] button '4.5 out of 5 stars, rating details'\n\t\t\t[7620] link '23 ratings'\n\t\t\tStaticText 'Price, product page'\n\t\t\t[7626] link '$27.06 ($0.34/count) List: $37.98', describedby='price-link'\n\t\t\t\tStaticText '$27.06'\n\t\t\t\tStaticText '('\n\t\t\t\tStaticText '$0.34'\n\t\t\t\tStaticText '/count)'\n\t\t\t\tStaticText 'List: $37.98'\n\t\t\tStaticText 'FREE delivery'\n\t\t\tStaticText 'Fri, Jul 18'\n\t\t\tStaticText 'on $35 of items shipped by Amazon'\n\t\t\t[7664] Section ''\n\t\t\t\t[7680] button 'Add to cart'\n\t\t[7688] listitem ''\n\t\t\t[7702] heading 'Greenies'\n\t\t\t\tStaticText 'Greenies'\n\t\t\t[7704] link 'Smart Essentials Adult High Protein Dry Dog Food Real Chicken & Rice Recipe, 30 lb. Bag'\n\t\t\t\t[7705] heading 'Smart Essentials Adult High Protein Dry Dog Food Real Chicken & Rice Recipe, 30 lb. Bag'\n\t\t\t\t\tStaticText 'Smart Essentials Adult High Protein Dry Dog Food Real Chicken & Rice Recipe, 30 lb. Bag'\n\t\t\t[7711] button '4.4 out of 5 stars, rating details'\n\t\t\t[7717] link '167 ratings'\n\t\t\tStaticText '200+ bought multiple times'\n\t\t\tStaticText 'Price, product page'\n\t\t\t[7725] link '$59.99 ($2.00/lb)', describedby='price-link'\n\t\t\t\tStaticText '$59.99'\n\t\t\t\tStaticText '('\n\t\t\t\tStaticText '$2.00'\n\t\t\t\tStaticText '/lb)'\n\t\t\tStaticText 'FREE delivery'\n\t\t\tStaticText 'Fri, Jul 18'\n\t\t\t[7757] Section ''\n\t\t\t\t[7773] button 'Add to cart'\n\t\t\tStaticText 'More Buying Choices'\n\t\t\tStaticText '$54.99'\n\t\t\t[7788] link '(2 new offers)'\n\t\t\tStaticText 'Also available with:'\n\t\t\t[7799] link \"Old McDonald's\"\n\t[7813] heading 'Picks from Amazon Influencers'\n\t[7816] button 'View Sponsored information or leave ad feedback'\n\t\tStaticText ''\n\tStaticText '| From Amazon Influencer storefronts'\n\t[7820] group 'Picks from Amazon Influencers', roledescription='carousel'\n\t\t[7826] group ''\n\t\t\t[7827] list ''\n\t\t\t\t[7828] listitem '1 of 5', roledescription='slide'\n\t\t\t\t\t[7842] link 'Sponsored Ad - Greenies Regular Dental Dog Treats, 3-Flavor Variety Pack, (3) 12 oz. Pouches, 36 Total Treats'\n\t\t\t\t\t\t[7843] heading 'Sponsored Ad - Greenies Regular Dental Dog Treats, 3-Flavor Variety Pack, (3) 12 oz. Pouches, 36 Total Treats'\n\t\t\t\t\t\t\tStaticText 'Greenies Regular Dental Dog Treats, 3-Flavor Variety Pack, (3) 12 oz. Pouches, 36 Total Treats'\n\t\t\t\t\t[7849] button '4.8 out of 5 stars, rating details'\n\t\t\t\t\t[7855] link '7,586 ratings'\n\t\t\t\t\tStaticText '600+ bought multiple times'\n\t\t\t\t\tStaticText 'Price, product page'\n\t\t\t\t\t[7863] link '$39.96 ($1.11/count)', describedby='price-link'\n\t\t\t\t\t\tStaticText '$39.96'\n\t\t\t\t\t\tStaticText '('\n\t\t\t\t\t\tStaticText '$1.11'\n\t\t\t\t\t\tStaticText '/count)'\n\t\t\t\t\t[7883] Section ''\n\t\t\t\t\t\t[7899] button 'Add to cart'\n\t\t\t\t[7907] listitem '2 of 5', roledescription='slide'\n\t\t\t\t\t[7921] link 'Sponsored Ad - DentaLife Plus Digestive Support Dog Treats for Small and Medium Dogs, Cleans Teeth, Freshens Breath, & Supports Healthy Gut, Chicken & Pumpkin Flavor, 14.4 oz., 19 Chews - 19 ct. Pouch'\n\t\t\t\t\t\t[7922] heading 'Sponsored Ad - DentaLife Plus Digestive Support Dog Treats for Small and Medium Dogs, Cleans Teeth, Freshens Breath, & Supports Healthy Gut, Chicken & Pumpkin Flavor, 14.4 oz., 19 Chews - 19 ct. Pouch'\n\t\t\t\t\t\t\tStaticText 'DentaLife Plus Digestive Support Dog Treats for Small and Medium Dogs, Cleans Teeth, Freshens Breath, & Supports Healthy Gut, Chicken & Pumpkin Flavor, 14.4 oz., 19 Chews - 19 ct. Pouch'\n\t\t\t\t\t[7928] button '4.5 out of 5 stars, rating details'\n\t\t\t\t\t[7934] link '364 ratings'\n\t\t\t\t\tStaticText '1K+ bought multiple times'\n\t\t\t\t\tStaticText 'Price, product page'\n\t\t\t\t\t[7942] link '$14.59 ($0.77/count)', describedby='price-link'\n\t\t\t\t\t\tStaticText '$14.59'\n\t\t\t\t\t\tStaticText '('\n\t\t\t\t\t\tStaticText '$0.77'\n\t\t\t\t\t\tStaticText '/count)'\n\t\t\t\t\tStaticText 'Extra 20% off'\n\t\t\t\t\tStaticText 'when you subscribe'\n\t\t\t\t\t[7969] Section ''\n\t\t\t\t\t\t[7985] button 'Add to cart'\n\t\t\t\t[7993] listitem '3 of 5', roledescription='slide'\n\t\t\t\t\t[8007] link 'Sponsored Ad - Purina Pro Plan Veterinary Joint Care Joint Supplement for Large Breed Dogs - 30 ct. Pouch'\n\t\t\t\t\t\t[8008] heading 'Sponsored Ad - Purina Pro Plan Veterinary Joint Care Joint Supplement for Large Breed Dogs - 30 ct. Pouch'\n\t\t\t\t\t\t\tStaticText 'Purina Pro Plan Veterinary Joint Care Joint Supplement for Large Breed Dogs - 30 ct. Pouch'\n\t\t\t\t\t[8014] button '4.4 out of 5 stars, rating details'\n\t\t\t\t\t[8020] link '2,153 ratings'\n\t\t\t\t\tStaticText '10K+ bought multiple times'\n\t\t\t\t\tStaticText 'Price, product page'\n\t\t\t\t\t[8028] link '$19.99 ($3.78/ounce)', describedby='price-link'\n\t\t\t\t\t\tStaticText '$19.99'\n\t\t\t\t\t\tStaticText '('\n\t\t\t\t\t\tStaticText '$3.78'\n\t\t\t\t\t\tStaticText '/ounce)'\n\t\t\t\t\t[8048] Section ''\n\t\t\t\t\t\t[8064] button 'Add to cart'\n\t\t\t\t[8072] listitem '4 of 5', roledescription='slide'\n\t\t\t\t\t[8086] link 'Sponsored Ad - Greenies Smart Topper High Protein Wet Mix-in for Dogs, Duck, Broccoli, Carrots & Barley Recipe in Vitabroth Broth - Bone Broth + Vitamins E & B1, 10 Count'\n\t\t\t\t\t\t[8087] heading 'Sponsored Ad - Greenies Smart Topper High Protein Wet Mix-in for Dogs, Duck, Broccoli, Carrots & Barley Recipe in Vitabroth Broth - Bone Broth + Vitamins E & B1, 10 Count'\n\t\t\t\t\t\t\tStaticText 'Greenies Smart Topper High Protein Wet Mix-in for Dogs, Duck, Broccoli, Carrots & Barley Recipe in Vitabroth Broth - Bone Broth + Vitamins E & B1, 10 Count'\n\t\t\t\t\t[8093] button '4.4 out of 5 stars, rating details'\n\t\t\t\t\t[8099] link '96 ratings'\n\t\t\t\t\tStaticText '800+ bought multiple times'\n\t\t\t\t\tStaticText 'Price, product page'\n\t\t\t\t\t[8107] link '$27.90 ($2.79/count)', describedby='price-link'\n\t\t\t\t\t\tStaticText '$27.90'\n\t\t\t\t\t\tStaticText '('\n\t\t\t\t\t\tStaticText '$2.79'\n\t\t\t\t\t\tStaticText '/count)'\n\t\t\t\t\t[8127] Section ''\n\t\t\t\t\t\t[8143] button 'Add to cart'\n\t\t\t\t[8151] listitem '5 of 5', roledescription='slide'\n\t\t\t\t\t[8165] link 'Sponsored Ad - Greenies Large Dental Dog Treats, 3-Flavor Variety Pack, (3) 12 oz. Pouches, (24 Treats)'\n\t\t\t\t\t\t[8166] heading 'Sponsored Ad - Greenies Large Dental Dog Treats, 3-Flavor Variety Pack, (3) 12 oz. Pouches, (24 Treats)'\n\t\t\t\t\t\t\tStaticText 'Greenies Large Dental Dog Treats, 3-Flavor Variety Pack, (3) 12 oz. Pouches, (24 Treats)'\n\t\t\t\t\t[8172] button '4.7 out of 5 stars, rating details'\n\t\t\t\t\t[8178] link '6,299 ratings'\n\t\t\t\t\tStaticText '10K+ bought multiple times'\n\t\t\t\t\tStaticText 'Price, product page'\n\t\t\t\t\t[8186] link '$39.96 ($17.76/lb)', describedby='price-link'\n\t\t\t\t\t\tStaticText '$39.96'\n\t\t\t\t\t\tStaticText '('\n\t\t\t\t\t\tStaticText '$17.76'\n\t\t\t\t\t\tStaticText '/lb)'\n\t\t\t\t\t[8206] Section ''\n\t\t\t\t\t\t[8222] button 'Add to cart'\n\t[8246] heading 'Related searches'\n\t[8248] list ''\n\t\t[8252] link 'greenies dental treats for dogs'\n\t\t\t[8253] listitem ''\n\t\t\t\t[8255] LayoutTable ''\n\t\t\t\t\tStaticText 'greenies dental treats for dogs'\n\t\t[8261] link 'greenies large'\n\t\t\t[8262] listitem ''\n\t\t\t\t[8264] LayoutTable ''\n\t\t\t\t\tStaticText 'greenies large'\n\t\t[8273] link 'greenies teenie'\n\t\t\t[8274] listitem ''\n\t\t\t\t[8276] LayoutTable ''\n\t\t\t\t\tStaticText 'greenies teenie'\n\t\t[8282] link 'greenies cat'\n\t\t\t[8283] listitem ''\n\t\t\t\t[8285] LayoutTable ''\n\t\t\t\t\tStaticText 'greenies cat'\n\t\t[8294] link 'greenies petite'\n\t\t\t[8295] listitem ''\n\t\t\t\t[8297] LayoutTable ''\n\t\t\t\t\tStaticText 'greenies petite'\n\t\t[8303] link 'greenies regular'\n\t\t\t[8304] listitem ''\n\t\t\t\t[8306] LayoutTable ''\n\t\t\t\t\tStaticText 'greenies regular'\n\t[8314] navigation ''\n\t\t[8315] region 'pagination'\n\t\t\t[8316] list ''\n\t\t\t\t[8317] button 'Previous', disabled=True\n\t\t\t\t[8320] listitem ''\n\t\t\t\t\t[8322] button 'Page 1'\n\t\t\t\t[8323] listitem ''\n\t\t\t\t\t[8325] button 'Go to page 2'\n\t\t\t\t[8326] listitem ''\n\t\t\t\t\t[8328] button 'Go to page 3'\n\t\t\t\t[8329] button '', disabled=True\n\t\t\t\t[8331] button '7', disabled=True\n\t\t\t\t[8332] listitem ''\n\t\t\t\t\t[8334] button 'Go to next page, page 2'\n\t\t\t\t\t\tStaticText 'Next'\n\t[8343] heading 'Brands related to your search'\n\t[8348] button 'Leave feedback on Sponsored ad'\n\t[8358] list ''\n\t\t[8359] listitem ''\n\t\t\t[8365] link 'Sponsored ad from Greenies. \"Your dog\\'s favorite treats, now serving dinner.\" Shop Greenies.'\n\t\t\t\t[8366] image 'Sponsored ad from Greenies. \"Your dog\\'s favorite treats, now serving dinner.\" Shop Greenies.'\n\t\t\t[8373] link 'Greenies'\n\t\t\t\t[8374] image 'Greenies'\n\t\t\t[8376] link \"Your dog's favorite treats, now serving dinner\"\n\t\t\t\tStaticText \"Your dog's favorite treats, now serving dinner\"\n\t\t\t[8380] link 'Shop Greenies'\n\t\t\t\tStaticText 'Shop'\n\t\t\t\tStaticText 'Greenies'\n\t\t[8392] listitem ''\n\t\t\t[8398] link 'Sponsored ad from ULTIMATE PET NUTRITION. \"Dental Chews by Ultimate Pet Nutrition.\" Shop ULTIMATE PET NUTRITION.'\n\t\t\t\t[8399] image 'Sponsored ad from ULTIMATE PET NUTRITION. \"Dental Chews by Ultimate Pet Nutrition.\" Shop ULTIMATE PET NUTRITION.'\n\t\t\t[8406] link 'ULTIMATE PET NUTRITION'\n\t\t\t\t[8407] image 'ULTIMATE PET NUTRITION'\n\t\t\t[8409] link 'Dental Chews by Ultimate Pet Nutrition'\n\t\t\t\tStaticText 'Dental Chews by Ultimate Pet Nutrition'\n\t\t\t[8413] link 'Shop ULTIMATE PET NUTRITION'\n\t\t\t\tStaticText 'Shop ULTIMATE PET'\n\t\t\t\tStaticText 'NUTRITION'\n\t[8470] heading 'Need help?'\n\t[8472] link 'Visit the help section'\n\tStaticText 'or'\n\t[8474] link 'contact us'\n\t[a] Iframe 'Sponsored ad'\n\t[8489] button '\u2630'\n\t[8502] button 'Leave feedback on Sponsored ad'\n\t[8513] link 'Go back to filtering menu'\n\t[8518] link 'Skip to main search results'\n\tgeneric, describedby='s-refinements-a11y-summary'\n\t\t[8527] group ''\n\t\t\t[8528] heading 'Popular Shopping Ideas'\n\t\t\t\tStaticText 'Popular Shopping Ideas'\n\t\t\t[8530] list ''\n\t\t\t\t[8533] listitem ''\n\t\t\t\t\t[8535] link 'Organic'\n\t\t\t\t\t\tStaticText 'Organic'\n\t\t\t\t[8538] listitem ''\n\t\t\t\t\t[8540] link 'Blueberry'\n\t\t\t\t\t\tStaticText 'Blueberry'\n\t\t\t\t[8543] listitem ''\n\t\t\t\t\t[8545] link 'Grain Free'\n\t\t\t\t\t\tStaticText 'Grain Free'\n\t\t\t\t[8548] listitem ''\n\t\t\t\t\t[8550] link 'Feline'\n\t\t\t\t\t\tStaticText 'Feline'\n\t\t\t\t[8552] listitem ''\n\t\t\t\t\t[8577] button 'See more', expanded=False\n\t\t\t\t\t\tStaticText 'See more'\n\t\t[8581] group 'Eligible for Free Shipping'\n\t\t\t[8582] heading 'Eligible for Free Shipping'\n\t\t\t\tStaticText 'Eligible for Free Shipping'\n\t\t\t[8584] list 'Eligible for Free Shipping'\n\t\t\t\t[8587] listitem 'Popular Shopping Ideas'\n\t\t\t\t\t[8589] link 'Apply Free Shipping by Amazon filter to narrow results'\n\t\t\t\t\t\t[8591] LabelText ''\n\t\t\t\t\t\tStaticText 'Free Shipping by Amazon'\n\t\t\t\t\t\tStaticText 'Get FREE Shipping on eligible orders shipped by Amazon'\n\t\t[8598] group 'Delivery Day'\n\t\t\t[8599] heading 'Delivery Day'\n\t\t\t\tStaticText 'Delivery Day'\n\t\t\t[8601] list 'Delivery Day'\n\t\t\t\t[8604] listitem 'Popular Shopping Ideas'\n\t\t\t\t\t[8606] link 'Apply Get It Today filter to narrow results'\n\t\t\t\t\t\t[8608] LabelText ''\n\t\t\t\t\t\tStaticText 'Get It Today'\n\t\t\t\t[8614] listitem 'Popular Shopping Ideas'\n\t\t\t\t\t[8616] link 'Apply Get It by Tomorrow filter to narrow results'\n\t\t\t\t\t\t[8618] LabelText ''\n\t\t\t\t\t\tStaticText 'Get It by Tomorrow'\n\t\t[8623] group 'Brands'\n\t\t\t[8624] heading 'Brands'\n\t\t\t\tStaticText 'Brands'\n\t\t\t[8626] list 'Brands'\n\t\t\t\t[8629] listitem 'Popular Shopping Ideas'\n\t\t\t\t\t[8631] link 'Apply Greenies filter to narrow results'\n\t\t\t\t\t\t[8633] LabelText ''\n\t\t\t\t\t\tStaticText 'Greenies'\n\t\t\t\t[8639] listitem 'Popular Shopping Ideas'\n\t\t\t\t\t[8641] link 'Apply KIRKLAND filter to narrow results'\n\t\t\t\t\t\t[8643] LabelText ''\n\t\t\t\t\t\tStaticText 'KIRKLAND'\n\t\t\t\t[8649] listitem 'Popular Shopping Ideas'\n\t\t\t\t\t[8651] link 'Apply Whimzees filter to narrow results'\n\t\t\t\t\t\t[8653] LabelText ''\n\t\t\t\t\t\tStaticText 'Whimzees'\n\t\t\t\t[8659] listitem 'Popular Shopping Ideas'\n\t\t\t\t\t[8661] link 'Apply Wellness filter to narrow results'\n\t\t\t\t\t\t[8663] LabelText ''\n\t\t\t\t\t\tStaticText 'Wellness'\n\t\t\t\t[8669] listitem 'Popular Shopping Ideas'\n\t\t\t\t\t[8671] link 'Apply PetLab Co. filter to narrow results'\n\t\t\t\t\t\t[8673] LabelText ''\n\t\t\t\t\t\tStaticText 'PetLab Co.'\n\t\t\t[8678] heading 'Top Brands'\n\t\t\t\tStaticText 'Top Brands'\n\t\t\t[8680] list 'Top Brands'\n\t\t\t\t[8683] listitem 'Popular Shopping Ideas'\n\t\t\t\t\t[8685] link 'Apply Top Brands filter to narrow results'\n\t\t\t\t\t\t[8687] LabelText ''\n\t\t\t\t\t\tStaticText 'Top Brands'\n\t\t[8692] group 'Customer Reviews'\n\t\t\t[8693] heading 'Customer Reviews'\n\t\t\t\tStaticText 'Customer Reviews'\n\t\t\t[8695] list 'Customer Reviews'\n\t\t\t\t[8698] listitem ''\n\t\t\t\t\t[8701] link 'Apply 4 Stars & Up filter to narrow results'\n\t\t\t\t\t\tStaticText '4 Stars'\n\t\t\t\t\t\tStaticText '& Up'\n\t\t[8705] group 'Flavor'\n\t\t\t[8706] heading 'Flavor'\n\t\t\t\tStaticText 'Flavor'\n\t\t\t[8708] list 'Flavor'\n\t\t\t\t[8711] listitem 'Popular Shopping Ideas'\n\t\t\t\t\t[8713] link 'Apply Chicken filter to narrow results'\n\t\t\t\t\t\t[8715] LabelText ''\n\t\t\t\t\t\tStaticText 'Chicken'\n\t\t\t\t[8721] listitem 'Popular Shopping Ideas'\n\t\t\t\t\t[8723] link 'Apply Blueberry filter to narrow results'\n\t\t\t\t\t\t[8725] LabelText ''\n\t\t\t\t\t\tStaticText 'Blueberry'\n\t\t\t\t[8731] listitem 'Popular Shopping Ideas'\n\t\t\t\t\t[8733] link 'Apply Salmon filter to narrow results'\n\t\t\t\t\t\t[8735] LabelText ''\n\t\t\t\t\t\tStaticText 'Salmon'\n\t\t\t\t[8741] listitem 'Popular Shopping Ideas'\n\t\t\t\t\t[8743] link 'Apply Beef filter to narrow results'\n\t\t\t\t\t\t[8745] LabelText ''\n\t\t\t\t\t\tStaticText 'Beef'\n\t\t\t\t[8751] listitem 'Popular Shopping Ideas'\n\t\t\t\t\t[8753] link 'Apply Catnip filter to narrow results'\n\t\t\t\t\t\t[8755] LabelText ''\n\t\t\t\t\t\tStaticText 'Catnip'\n\t\t\t\t[8761] listitem 'Popular Shopping Ideas'\n\t\t\t\t\t[8763] link 'Apply Cheese filter to narrow results'\n\t\t\t\t\t\t[8765] LabelText ''\n\t\t\t\t\t\tStaticText 'Cheese'\n\t\t\t\t[8771] listitem 'Popular Shopping Ideas'\n\t\t\t\t\t[8773] link 'Apply Peanut Butter filter to narrow results'\n\t\t\t\t\t\t[8775] LabelText ''\n\t\t\t\t\t\tStaticText 'Peanut Butter'\n\t\t\t\t[8780] listitem ''\n\t\t\t\t\t[8835] button 'See more, Flavor', expanded=False\n\t\t\t\t\t\tStaticText 'See more'\n\t\t[8838] group 'Deals & Discounts'\n\t\t\t[8839] heading 'Deals & Discounts'\n\t\t\t\tStaticText 'Deals & Discounts'\n\t\t\t[8841] list 'Deals & Discounts'\n\t\t\t\t[8844] listitem ''\n\t\t\t\t\t[8846] link 'All Discounts'\n\t\t\t\t\t\tStaticText 'All Discounts'\n\t\t\tStaticText 'Price'\n\t\t\t[8853] Section ''\n\t\t\t\t[8863] LabelText ''\n\t\t\t\t\tStaticText '$3'\n\t\t\t\t[8867] LabelText ''\n\t\t\t\t\tStaticText '$175+'\n\t\t\t\t[8872] slider 'Minimum price' value=0, orientation='horizontal', valuemin=0, valuemax=87, valuetext='$3'\n\t\t\t\t[8874] slider 'Maximum price' value=87, orientation='horizontal', valuemin=0, valuemax=87, valuetext='$175+'\n\t\t\t\t[8878] button 'Go - Submit price range'\n\t\t\t[8881] list ''\n\t\t\t\t[8884] listitem ''\n\t\t\t\t\t[8886] link 'Up to $15'\n\t\t\t\t\t\tStaticText 'Up to $15'\n\t\t\t\t[8889] listitem ''\n\t\t\t\t\t[8891] link '$15 to $25'\n\t\t\t\t\t\tStaticText '$15 to $25'\n\t\t\t\t[8894] listitem ''\n\t\t\t\t\t[8896] link '$25 to $60'\n\t\t\t\t\t\tStaticText '$25 to $60'\n\t\t\t\t[8899] listitem ''\n\t\t\t\t\t[8901] link '$60 to $80'\n\t\t\t\t\t\tStaticText '$60 to $80'\n\t\t\t\t[8904] listitem ''\n\t\t\t\t\t[8906] link '$80 & above'\n\t\t\t\t\t\tStaticText '$80 & above'\n\t\t[8908] group 'Subscribe & Save'\n\t\t\t[8909] heading 'Subscribe & Save'\n\t\t\t\tStaticText 'Subscribe & Save'\n\t\t\t[8911] list 'Subscribe & Save'\n\t\t\t\t[8914] listitem 'Popular Shopping Ideas'\n\t\t\t\t\t[8916] link 'Apply Subscribe & Save Eligible filter to narrow results'\n\t\t\t\t\t\t[8918] LabelText ''\n\t\t\t\t\t\tStaticText 'Subscribe & Save Eligible'\n\t\t[8923] group 'Item Form'\n\t\t\t[8924] heading 'Item Form'\n\t\t\t\tStaticText 'Item Form'\n\t\t\t[8926] list 'Item Form'\n\t\t\t\t[8929] listitem 'Popular Shopping Ideas'\n\t\t\t\t\t[8931] link 'Apply Stick filter to narrow results'\n\t\t\t\t\t\t[8933] LabelText ''\n\t\t\t\t\t\tStaticText 'Stick'\n\t\t\t\t[8939] listitem 'Popular Shopping Ideas'\n\t\t\t\t\t[8941] link 'Apply Wafer filter to narrow results'\n\t\t\t\t\t\t[8943] LabelText ''\n\t\t\t\t\t\tStaticText 'Wafer'\n\t\t\t\t[8949] listitem 'Popular Shopping Ideas'\n\t\t\t\t\t[8951] link 'Apply Bone filter to narrow results'\n\t\t\t\t\t\t[8953] LabelText ''\n\t\t\t\t\t\tStaticText 'Bone'\n\t\t\t\t[8959] listitem 'Popular Shopping Ideas'\n\t\t\t\t\t[8961] link 'Apply Chunk filter to narrow results'\n\t\t\t\t\t\t[8963] LabelText ''\n\t\t\t\t\t\tStaticText 'Chunk'\n\t\t\t\t[8969] listitem 'Popular Shopping Ideas'\n\t\t\t\t\t[8971] link 'Apply Granule filter to narrow results'\n\t\t\t\t\t\t[8973] LabelText ''\n\t\t\t\t\t\tStaticText 'Granule'\n\t\t\t\t[8979] listitem 'Popular Shopping Ideas'\n\t\t\t\t\t[8981] link 'Apply Capsule filter to narrow results'\n\t\t\t\t\t\t[8983] LabelText ''\n\t\t\t\t\t\tStaticText 'Capsule'\n\t\t\t\t[8989] listitem 'Popular Shopping Ideas'\n\t\t\t\t\t[8991] link 'Apply Tablet filter to narrow results'\n\t\t\t\t\t\t[8993] LabelText ''\n\t\t\t\t\t\tStaticText 'Tablet'\n\t\t[8998] group 'Specific Uses'\n\t\t\t[8999] heading 'Specific Uses'\n\t\t\t\tStaticText 'Specific Uses'\n\t\t\t[9001] list 'Specific Uses'\n\t\t\t\t[9004] listitem 'Popular Shopping Ideas'\n\t\t\t\t\t[9006] link 'Apply Dental Care filter to narrow results'\n\t\t\t\t\t\t[9008] LabelText ''\n\t\t\t\t\t\tStaticText 'Dental Care'\n\t\t\t\t[9014] listitem 'Popular Shopping Ideas'\n\t\t\t\t\t[9016] link 'Apply Skin and Coat Health filter to narrow results'\n\t\t\t\t\t\t[9018] LabelText ''\n\t\t\t\t\t\tStaticText 'Skin and Coat Health'\n\t\t\t\t[9024] listitem 'Popular Shopping Ideas'\n\t\t\t\t\t[9026] link 'Apply Training filter to narrow results'\n\t\t\t\t\t\t[9028] LabelText ''\n\t\t\t\t\t\tStaticText 'Training'\n\t\t\t\t[9034] listitem 'Popular Shopping Ideas'\n\t\t\t\t\t[9036] link 'Apply Digestive Health filter to narrow results'\n\t\t\t\t\t\t[9038] LabelText ''\n\t\t\t\t\t\tStaticText 'Digestive Health'\n\t\t\t\t[9044] listitem 'Popular Shopping Ideas'\n\t\t\t\t\t[9046] link 'Apply Sensitive Stomach filter to narrow results'\n\t\t\t\t\t\t[9048] LabelText ''\n\t\t\t\t\t\tStaticText 'Sensitive Stomach'\n\t\t\t\t[9054] listitem 'Popular Shopping Ideas'\n\t\t\t\t\t[9056] link 'Apply Bone Health filter to narrow results'\n\t\t\t\t\t\t[9058] LabelText ''\n\t\t\t\t\t\tStaticText 'Bone Health'\n\t\t\t\t[9064] listitem 'Popular Shopping Ideas'\n\t\t\t\t\t[9066] link 'Apply Breath Care filter to narrow results'\n\t\t\t\t\t\t[9068] LabelText ''\n\t\t\t\t\t\tStaticText 'Breath Care'\n\t\t\t\t[9073] listitem ''\n\t\t\t\t\t[9098] button 'See more, Specific Uses', expanded=False\n\t\t\t\t\t\tStaticText 'See more'\n\t\t[9101] group 'Container Type'\n\t\t\t[9102] heading 'Container Type'\n\t\t\t\tStaticText 'Container Type'\n\t\t\t[9104] list 'Container Type'\n\t\t\t\t[9107] listitem 'Popular Shopping Ideas'\n\t\t\t\t\t[9109] link 'Apply Bag filter to narrow results'\n\t\t\t\t\t\t[9111] LabelText ''\n\t\t\t\t\t\tStaticText 'Bag'\n\t\t\t\t[9117] listitem 'Popular Shopping Ideas'\n\t\t\t\t\t[9119] link 'Apply Pouch filter to narrow results'\n\t\t\t\t\t\t[9121] LabelText ''\n\t\t\t\t\t\tStaticText 'Pouch'\n\t\t\t\t[9127] listitem 'Popular Shopping Ideas'\n\t\t\t\t\t[9129] link 'Apply Tub filter to narrow results'\n\t\t\t\t\t\t[9131] LabelText ''\n\t\t\t\t\t\tStaticText 'Tub'\n\t\t\t\t[9137] listitem 'Popular Shopping Ideas'\n\t\t\t\t\t[9139] link 'Apply Bottle filter to narrow results'\n\t\t\t\t\t\t[9141] LabelText ''\n\t\t\t\t\t\tStaticText 'Bottle'\n\t\t[9146] group 'Weight'\n\t\t\t[9147] heading 'Weight'\n\t\t\t\tStaticText 'Weight'\n\t\t\t[9149] list 'Weight'\n\t\t\t\t[9152] listitem 'Popular Shopping Ideas'\n\t\t\t\t\t[9154] link 'Apply Up to 1.9 lb filter to narrow results'\n\t\t\t\t\t\t[9156] LabelText ''\n\t\t\t\t\t\tStaticText 'Up to 1.9 lb'\n\t\t\t\t[9162] listitem 'Popular Shopping Ideas'\n\t\t\t\t\t[9164] link 'Apply 2 to 3.9 lb filter to narrow results'\n\t\t\t\t\t\t[9166] LabelText ''\n\t\t\t\t\t\tStaticText '2 to 3.9 lb'\n\t\t\t\t[9172] listitem 'Popular Shopping Ideas'\n\t\t\t\t\t[9174] link 'Apply 4 to 5.9 lb filter to narrow results'\n\t\t\t\t\t\t[9176] LabelText ''\n\t\t\t\t\t\tStaticText '4 to 5.9 lb'\n\t\t[9181] group 'Seller'\n\t\t\t[9182] heading 'Seller'\n\t\t\t\tStaticText 'Seller'\n\t\t\t[9184] list 'Seller'\n\t\t\t\t[9187] listitem 'Popular Shopping Ideas'\n\t\t\t\t\t[9189] link 'Apply Amazon.com filter to narrow results'\n\t\t\t\t\t\t[9191] LabelText ''\n\t\t\t\t\t\tStaticText 'Amazon.com'\n\t\t\t\t[9197] listitem 'Popular Shopping Ideas'\n\t\t\t\t\t[9199] link 'Apply GiftsCircle filter to narrow results'\n\t\t\t\t\t\t[9201] LabelText ''\n\t\t\t\t\t\tStaticText 'GiftsCircle'\n\t\t\t\t[9206] listitem ''\n\t\t\t\t\t[9261] button 'See more, Seller', expanded=False\n\t\t\t\t\t\tStaticText 'See more'\n\t\t[9264] group 'Local Stores'\n\t\t\t[9265] heading 'Local Stores'\n\t\t\t\tStaticText 'Local Stores'\n\t\t\t[9267] list 'Local Stores'\n\t\t\t\t[9270] listitem 'Popular Shopping Ideas'\n\t\t\t\t\t[9272] link 'Apply Amazon Fresh filter to narrow results'\n\t\t\t\t\t\t[9274] LabelText ''\n\t\t\t\t\t\tStaticText 'Amazon Fresh'\n\t\t\t\t[9280] listitem 'Popular Shopping Ideas'\n\t\t\t\t\t[9282] link 'Apply Metropolitan Market filter to narrow results'\n\t\t\t\t\t\t[9284] LabelText ''\n\t\t\t\t\t\tStaticText 'Metropolitan Market'\n\t\t[9289] group 'Count'\n\t\t\t[9290] heading 'Count'\n\t\t\t\tStaticText 'Count'\n\t\t\t[9292] list 'Count'\n\t\t\t\t[9295] listitem 'Popular Shopping Ideas'\n\t\t\t\t\t[9297] link 'Apply 1 filter to narrow results'\n\t\t\t\t\t\t[9299] LabelText ''\n\t\t\t\t\t\tStaticText '1'\n\t\t\t\t[9305] listitem 'Popular Shopping Ideas'\n\t\t\t\t\t[9307] link 'Apply 2 filter to narrow results'\n\t\t\t\t\t\t[9309] LabelText ''\n\t\t\t\t\t\tStaticText '2'\n\t\t\t\t[9315] listitem 'Popular Shopping Ideas'\n\t\t\t\t\t[9317] link 'Apply 3 & above filter to narrow results'\n\t\t\t\t\t\t[9319] LabelText ''\n\t\t\t\t\t\tStaticText '3 & above'\n\t\t[9324] group 'Age Range'\n\t\t\t[9325] heading 'Age Range'\n\t\t\t\tStaticText 'Age Range'\n\t\t\t[9327] list 'Age Range'\n\t\t\t\t[9330] listitem 'Popular Shopping Ideas'\n\t\t\t\t\t[9332] link 'Apply Adult filter to narrow results'\n\t\t\t\t\t\t[9334] LabelText ''\n\t\t\t\t\t\tStaticText 'Adult'\n\t\t\t\t[9340] listitem 'Popular Shopping Ideas'\n\t\t\t\t\t[9342] link 'Apply All Life Stages filter to narrow results'\n\t\t\t\t\t\t[9344] LabelText ''\n\t\t\t\t\t\tStaticText 'All Life Stages'\n\t\t\t\t[9350] listitem 'Popular Shopping Ideas'\n\t\t\t\t\t[9352] link 'Apply Puppy filter to narrow results'\n\t\t\t\t\t\t[9354] LabelText ''\n\t\t\t\t\t\tStaticText 'Puppy'\n\t\t\t\t[9360] listitem 'Popular Shopping Ideas'\n\t\t\t\t\t[9362] link 'Apply Senior filter to narrow results'\n\t\t\t\t\t\t[9364] LabelText ''\n\t\t\t\t\t\tStaticText 'Senior'\n\t\t[9369] group 'From Our Brands'\n\t\t\t[9370] heading 'From Our Brands'\n\t\t\t\tStaticText 'From Our Brands'\n\t\t\t[9372] list 'From Our Brands'\n\t\t\t\t[9375] listitem 'Popular Shopping Ideas'\n\t\t\t\t\t[9377] link 'Apply Amazon Brands filter to narrow results'\n\t\t\t\t\t\t[9379] LabelText ''\n\t\t\t\t\t\tStaticText 'Amazon Brands'\n\t\t[9384] group 'Species'\n\t\t\t[9385] heading 'Species'\n\t\t\t\tStaticText 'Species'\n\t\t\t[9387] list 'Species'\n\t\t\t\t[9390] listitem 'Popular Shopping Ideas'\n\t\t\t\t\t[9392] link 'Apply Dog filter to narrow results'\n\t\t\t\t\t\t[9394] LabelText ''\n\t\t\t\t\t\tStaticText 'Dog'\n\t\t\t\t[9400] listitem 'Popular Shopping Ideas'\n\t\t\t\t\t[9402] link 'Apply Cat filter to narrow results'\n\t\t\t\t\t\t[9404] LabelText ''\n\t\t\t\t\t\tStaticText 'Cat'\n\t\t[9409] group 'Dog Breed Size'\n\t\t\t[9410] heading 'Dog Breed Size'\n\t\t\t\tStaticText 'Dog Breed Size'\n\t\t\t[9412] list 'Dog Breed Size'\n\t\t\t\t[9415] listitem 'Popular Shopping Ideas'\n\t\t\t\t\t[9417] link 'Apply Extra Small filter to narrow results'\n\t\t\t\t\t\t[9419] LabelText ''\n\t\t\t\t\t\tStaticText 'Extra Small'\n\t\t\t\t[9425] listitem 'Popular Shopping Ideas'\n\t\t\t\t\t[9427] link 'Apply Small filter to narrow results'\n\t\t\t\t\t\t[9429] LabelText ''\n\t\t\t\t\t\tStaticText 'Small'\n\t\t\t\t[9435] listitem 'Popular Shopping Ideas'\n\t\t\t\t\t[9437] link 'Apply Medium filter to narrow results'\n\t\t\t\t\t\t[9439] LabelText ''\n\t\t\t\t\t\tStaticText 'Medium'\n\t\t\t\t[9445] listitem 'Popular Shopping Ideas'\n\t\t\t\t\t[9447] link 'Apply Large filter to narrow results'\n\t\t\t\t\t\t[9449] LabelText ''\n\t\t\t\t\t\tStaticText 'Large'\n\t\t[9454] group 'Nutrient Claims'\n\t\t\t[9455] heading 'Nutrient Claims'\n\t\t\t\tStaticText 'Nutrient Claims'\n\t\t\t[9457] list 'Nutrient Claims'\n\t\t\t\t[9460] listitem 'Popular Shopping Ideas'\n\t\t\t\t\t[9462] link 'Apply Low Calorie filter to narrow results'\n\t\t\t\t\t\t[9464] LabelText ''\n\t\t\t\t\t\tStaticText 'Low Calorie'\n\t\t\t\t[9470] listitem 'Popular Shopping Ideas'\n\t\t\t\t\t[9472] link 'Apply High Protein filter to narrow results'\n\t\t\t\t\t\t[9474] LabelText ''\n\t\t\t\t\t\tStaticText 'High Protein'\n\t\t\t\t[9480] listitem 'Popular Shopping Ideas'\n\t\t\t\t\t[9482] link 'Apply Low Fat filter to narrow results'\n\t\t\t\t\t\t[9484] LabelText ''\n\t\t\t\t\t\tStaticText 'Low Fat'\n\t\t\t\t[9490] listitem 'Popular Shopping Ideas'\n\t\t\t\t\t[9492] link 'Apply No Added Sugar filter to narrow results'\n\t\t\t\t\t\t[9494] LabelText ''\n\t\t\t\t\t\tStaticText 'No Added Sugar'\n\t\t[9499] group 'Allergen Information'\n\t\t\t[9500] heading 'Allergen Information'\n\t\t\t\tStaticText 'Allergen Information'\n\t\t\t[9502] list 'Allergen Information'\n\t\t\t\t[9505] listitem 'Popular Shopping Ideas'\n\t\t\t\t\t[9507] link 'Apply Allergen-Free filter to narrow results'\n\t\t\t\t\t\t[9509] LabelText ''\n\t\t\t\t\t\tStaticText 'Allergen-Free'\n\t\t\t\t[9515] listitem 'Popular Shopping Ideas'\n\t\t\t\t\t[9517] link 'Apply Dairy-Free filter to narrow results'\n\t\t\t\t\t\t[9519] LabelText ''\n\t\t\t\t\t\tStaticText 'Dairy-Free'\n\t\t\t\t[9525] listitem 'Popular Shopping Ideas'\n\t\t\t\t\t[9527] link 'Apply Egg may contain filter to narrow results'\n\t\t\t\t\t\t[9529] LabelText ''\n\t\t\t\t\t\tStaticText 'Egg may contain'\n\t\t\t\t[9535] listitem 'Popular Shopping Ideas'\n\t\t\t\t\t[9537] link 'Apply Gluten-Free filter to narrow results'\n\t\t\t\t\t\t[9539] LabelText ''\n\t\t\t\t\t\tStaticText 'Gluten-Free'\n\t\t\t\t[9545] listitem 'Popular Shopping Ideas'\n\t\t\t\t\t[9547] link 'Apply Soy-Free filter to narrow results'\n\t\t\t\t\t\t[9549] LabelText ''\n\t\t\t\t\t\tStaticText 'Soy-Free'\n\t\t\t\t[9555] listitem 'Popular Shopping Ideas'\n\t\t\t\t\t[9557] link 'Apply Wheat-Free filter to narrow results'\n\t\t\t\t\t\t[9559] LabelText ''\n\t\t\t\t\t\tStaticText 'Wheat-Free'\n\t\t[9564] group 'Special Ingredients'\n\t\t\t[9565] heading 'Special Ingredients'\n\t\t\t\tStaticText 'Special Ingredients'\n\t\t\t[9567] list 'Special Ingredients'\n\t\t\t\t[9570] listitem 'Popular Shopping Ideas'\n\t\t\t\t\t[9572] link 'Apply Alfalfa filter to narrow results'\n\t\t\t\t\t\t[9574] LabelText ''\n\t\t\t\t\t\tStaticText 'Alfalfa'\n\t\t\t\t[9580] listitem 'Popular Shopping Ideas'\n\t\t\t\t\t[9582] link 'Apply Blueberry filter to narrow results'\n\t\t\t\t\t\t[9584] LabelText ''\n\t\t\t\t\t\tStaticText 'Blueberry'\n\t\t\t\t[9590] listitem 'Popular Shopping Ideas'\n\t\t\t\t\t[9592] link 'Apply Potato filter to narrow results'\n\t\t\t\t\t\t[9594] LabelText ''\n\t\t\t\t\t\tStaticText 'Potato'\n\t\t[9599] group 'Ingredient Claims'\n\t\t\t[9600] heading 'Ingredient Claims'\n\t\t\t\tStaticText 'Ingredient Claims'\n\t\t\t[9602] list 'Ingredient Claims'\n\t\t\t\t[9605] listitem 'Popular Shopping Ideas'\n\t\t\t\t\t[9607] link 'Apply No Artificial Colors filter to narrow results'\n\t\t\t\t\t\t[9609] LabelText ''\n\t\t\t\t\t\tStaticText 'No Artificial Colors'\n\t\t\t\t[9615] listitem 'Popular Shopping Ideas'\n\t\t\t\t\t[9617] link 'Apply Additive-Free filter to narrow results'\n\t\t\t\t\t\t[9619] LabelText ''\n\t\t\t\t\t\tStaticText 'Additive-Free'\n\t\t\t\t[9625] listitem 'Popular Shopping Ideas'\n\t\t\t\t\t[9627] link 'Apply No Artificial Flavors filter to narrow results'\n\t\t\t\t\t\t[9629] LabelText ''\n\t\t\t\t\t\tStaticText 'No Artificial Flavors'\n\t\t\t\t[9635] listitem 'Popular Shopping Ideas'\n\t\t\t\t\t[9637] link 'Apply Free-Range filter to narrow results'\n\t\t\t\t\t\t[9639] LabelText ''\n\t\t\t\t\t\tStaticText 'Free-Range'\n\t\t\t\t[9645] listitem 'Popular Shopping Ideas'\n\t\t\t\t\t[9647] link 'Apply Non-GMO filter to narrow results'\n\t\t\t\t\t\t[9649] LabelText ''\n\t\t\t\t\t\tStaticText 'Non-GMO'\n\t[b] Iframe 'Sponsored ad'\n\t[9670] button '\u2630'\n\t[9683] button 'Leave feedback on Sponsored ad'\n\t[c] Iframe 'Sponsored ad'\n\t[9704] button '\u2630'\n\t[9717] button 'Leave feedback on Sponsored ad'\n\t[9739] complementary 'Your recently viewed items and featured recommendations'\n\t[9764] button 'Back to top'\n\t\tStaticText 'Back to top'\n\t[9767] LayoutTable ''\n\t\t[9768] LayoutTableRow ''\n\t\t\t[9769] LayoutTableCell 'Get to Know Us Careers Amazon Newsletter About Amazon Accessibility Sustainability Press Center Investor Relations Amazon Devices Amazon Science'\n\t\t\t\t[9770] heading 'Get to Know Us'\n\t\t\t\t[9771] list ''\n\t\t\t\t\t[9772] listitem ''\n\t\t\t\t\t\t[9773] link 'Careers'\n\t\t\t\t\t[9774] listitem ''\n\t\t\t\t\t\t[9775] link 'Amazon Newsletter'\n\t\t\t\t\t[9776] listitem ''\n\t\t\t\t\t\t[9777] link 'About Amazon'\n\t\t\t\t\t[9778] listitem ''\n\t\t\t\t\t\t[9779] link 'Accessibility'\n\t\t\t\t\t[9780] listitem ''\n\t\t\t\t\t\t[9781] link 'Sustainability'\n\t\t\t\t\t[9782] listitem ''\n\t\t\t\t\t\t[9783] link 'Press Center'\n\t\t\t\t\t[9784] listitem ''\n\t\t\t\t\t\t[9785] link 'Investor Relations'\n\t\t\t\t\t[9786] listitem ''\n\t\t\t\t\t\t[9787] link 'Amazon Devices'\n\t\t\t\t\t[9788] listitem ''\n\t\t\t\t\t\t[9789] link 'Amazon Science'\n\t\t\t[9790] LayoutTableCell ''\n\t\t\t[9791] LayoutTableCell 'Make Money with Us Sell on Amazon Sell apps on Amazon Supply to Amazon Protect & Build Your Brand Become an Affiliate Become a Delivery Driver Start a Package Delivery Business Advertise Your Products Self-Publish with Us Become an Amazon Hub Partner See More Ways to Make Money'\n\t\t\t\t[9792] heading 'Make Money with Us'\n\t\t\t\t[9793] list ''\n\t\t\t\t\t[9794] listitem ''\n\t\t\t\t\t\t[9795] link 'Sell on Amazon'\n\t\t\t\t\t[9796] listitem ''\n\t\t\t\t\t\t[9797] link 'Sell apps on Amazon'\n\t\t\t\t\t[9798] listitem ''\n\t\t\t\t\t\t[9799] link 'Supply to Amazon'\n\t\t\t\t\t[9800] listitem ''\n\t\t\t\t\t\t[9801] link 'Protect & Build Your Brand'\n\t\t\t\t\t[9802] listitem ''\n\t\t\t\t\t\t[9803] link 'Become an Affiliate'\n\t\t\t\t\t[9804] listitem ''\n\t\t\t\t\t\t[9805] link 'Become a Delivery Driver'\n\t\t\t\t\t[9806] listitem ''\n\t\t\t\t\t\t[9807] link 'Start a Package Delivery Business'\n\t\t\t\t\t[9808] listitem ''\n\t\t\t\t\t\t[9809] link 'Advertise Your Products'\n\t\t\t\t\t[9810] listitem ''\n\t\t\t\t\t\t[9811] link 'Self-Publish with Us'\n\t\t\t\t\t[9812] listitem ''\n\t\t\t\t\t\t[9813] link 'Become an Amazon Hub Partner'\n\t\t\t\t\t[9814] listitem ''\n\t\t\t\t\t\t[9816] link 'See More Ways to Make Money'\n\t\t\t[9817] LayoutTableCell ''\n\t\t\t[9818] LayoutTableCell 'Amazon Payment Products Amazon Visa Amazon Store Card Amazon Secured Card Amazon Business Card Shop with Points Credit Card Marketplace Reload Your Balance Gift Cards Amazon Currency Converter'\n\t\t\t\t[9819] heading 'Amazon Payment Products'\n\t\t\t\t[9820] list ''\n\t\t\t\t\t[9821] listitem ''\n\t\t\t\t\t\t[9822] link 'Amazon Visa'\n\t\t\t\t\t[9823] listitem ''\n\t\t\t\t\t\t[9824] link 'Amazon Store Card'\n\t\t\t\t\t[9825] listitem ''\n\t\t\t\t\t\t[9826] link 'Amazon Secured Card'\n\t\t\t\t\t[9827] listitem ''\n\t\t\t\t\t\t[9828] link 'Amazon Business Card'\n\t\t\t\t\t[9829] listitem ''\n\t\t\t\t\t\t[9830] link 'Shop with Points'\n\t\t\t\t\t[9831] listitem ''\n\t\t\t\t\t\t[9832] link 'Credit Card Marketplace'\n\t\t\t\t\t[9833] listitem ''\n\t\t\t\t\t\t[9834] link 'Reload Your Balance'\n\t\t\t\t\t[9835] listitem ''\n\t\t\t\t\t\t[9836] link 'Gift Cards'\n\t\t\t\t\t[9837] listitem ''\n\t\t\t\t\t\t[9838] link 'Amazon Currency Converter'\n\t\t\t[9839] LayoutTableCell ''\n\t\t\t[9840] LayoutTableCell 'Let Us Help You Your Account Your Orders Shipping Rates & Policies Amazon Prime Returns & Replacements Manage Your Content and Devices Recalls and Product Safety Alerts Registry & Gift List Help'\n\t\t\t\t[9841] heading 'Let Us Help You'\n\t\t\t\t[9842] list ''\n\t\t\t\t\t[9843] listitem ''\n\t\t\t\t\t\t[9844] link 'Your Account'\n\t\t\t\t\t[9845] listitem ''\n\t\t\t\t\t\t[9846] link 'Your Orders'\n\t\t\t\t\t[9847] listitem ''\n\t\t\t\t\t\t[9848] link 'Shipping Rates & Policies'\n\t\t\t\t\t[9849] listitem ''\n\t\t\t\t\t\t[9850] link 'Amazon Prime'\n\t\t\t\t\t[9851] listitem ''\n\t\t\t\t\t\t[9852] link 'Returns & Replacements'\n\t\t\t\t\t[9853] listitem ''\n\t\t\t\t\t\t[9854] link 'Manage Your Content and Devices'\n\t\t\t\t\t[9855] listitem ''\n\t\t\t\t\t\t[9856] link 'Recalls and Product Safety Alerts'\n\t\t\t\t\t[9857] listitem ''\n\t\t\t\t\t\t[9858] link 'Registry & Gift List'\n\t\t\t\t\t[9859] listitem ''\n\t\t\t\t\t\t[9860] link 'Help'\n\t[9865] link 'Amazon US Home'\n\t[9871] link 'Choose a language for shopping. Current selection is English.'\n\t\tStaticText 'English'\n\t[9874] button 'Expand to Change Language or Country', controls='nav-flyout-icp-footer-flyout'\n\t[9876] button 'Choose a country/region for shopping. The current selection is United States.'\n\t\tStaticText 'United States'\n\t[9879] navigation 'More on Amazon'\n\t\t[9881] list ''\n\t\t\t[9882] listitem ''\n\t\t\t\t[9883] link 'Amazon Music Stream millions of songs'\n\t\t\t\t\t[9884] heading 'Amazon Music'\n\t\t\t\t\tStaticText 'Stream millions'\n\t\t\t\t\tStaticText 'of songs'\n\t\t\t[9888] listitem ''\n\t\t\t\t[9889] link 'Amazon Ads Reach customers wherever they spend their time'\n\t\t\t\t\t[9890] heading 'Amazon Ads'\n\t\t\t\t\tStaticText 'Reach customers'\n\t\t\t\t\tStaticText 'wherever they'\n\t\t\t\t\tStaticText 'spend their time'\n\t\t\t[9895] listitem ''\n\t\t\t\t[9896] link '6pm Score deals on fashion brands'\n\t\t\t\t\t[9897] heading '6pm'\n\t\t\t\t\tStaticText 'Score deals'\n\t\t\t\t\tStaticText 'on fashion brands'\n\t\t\t[9901] listitem ''\n\t\t\t\t[9902] link 'AbeBooks Books, art & collectibles'\n\t\t\t\t\t[9903] heading 'AbeBooks'\n\t\t\t\t\tStaticText 'Books, art'\n\t\t\t\t\tStaticText '& collectibles'\n\t\t\t[9907] listitem ''\n\t\t\t\t[9908] link 'ACX Audiobook Publishing Made Easy'\n\t\t\t\t\t[9909] heading 'ACX'\n\t\t\t\t\tStaticText 'Audiobook Publishing'\n\t\t\t\t\tStaticText 'Made Easy'\n\t\t\t[9913] listitem ''\n\t\t\t\t[9914] link 'Sell on Amazon Start a Selling Account'\n\t\t\t\t\t[9915] heading 'Sell on Amazon'\n\t\t\t\t\tStaticText 'Start a Selling Account'\n\t\t\t[9918] listitem ''\n\t\t\t\t[9919] link 'Veeqo Shipping Software Inventory Management'\n\t\t\t\t\t[9920] heading 'Veeqo'\n\t\t\t\t\tStaticText 'Shipping Software'\n\t\t\t\t\tStaticText 'Inventory Management'\n\t\t[9923] list ''\n\t\t\t[9924] listitem ''\n\t\t\t\t[9925] link 'Amazon Business Everything For Your Business'\n\t\t\t\t\t[9926] heading 'Amazon Business'\n\t\t\t\t\tStaticText 'Everything For'\n\t\t\t\t\tStaticText 'Your Business'\n\t\t\t[9930] listitem ''\n\t\t\t\t[9931] link 'Amazon Fresh Groceries & More Right To Your Door'\n\t\t\t\t\t[9932] heading 'Amazon Fresh'\n\t\t\t\t\tStaticText 'Groceries & More'\n\t\t\t\t\tStaticText 'Right To Your Door'\n\t\t\t[9936] listitem ''\n\t\t\t\t[9937] link 'AmazonGlobal Ship Orders Internationally'\n\t\t\t\t\t[9938] heading 'AmazonGlobal'\n\t\t\t\t\tStaticText 'Ship Orders'\n\t\t\t\t\tStaticText 'Internationally'\n\t\t\t[9942] listitem ''\n\t\t\t\t[9943] link 'Home Services Experienced Pros Happiness Guarantee'\n\t\t\t\t\t[9944] heading 'Home Services'\n\t\t\t\t\tStaticText 'Experienced Pros'\n\t\t\t\t\tStaticText 'Happiness Guarantee'\n\t\t\t[9948] listitem ''\n\t\t\t\t[9949] link 'Amazon Web Services Scalable Cloud Computing Services'\n\t\t\t\t\t[9950] heading 'Amazon Web Services'\n\t\t\t\t\tStaticText 'Scalable Cloud'\n\t\t\t\t\tStaticText 'Computing Services'\n\t\t\t[9954] listitem ''\n\t\t\t\t[9955] link 'Audible Listen to Books & Original Audio Performances'\n\t\t\t\t\t[9956] heading 'Audible'\n\t\t\t\t\tStaticText 'Listen to Books & Original'\n\t\t\t\t\tStaticText 'Audio Performances'\n\t\t\t[9960] listitem ''\n\t\t\t\t[9961] link 'Box Office Mojo Find Movie Box Office Data'\n\t\t\t\t\t[9962] heading 'Box Office Mojo'\n\t\t\t\t\tStaticText 'Find Movie'\n\t\t\t\t\tStaticText 'Box Office Data'\n\t\t[9965] list ''\n\t\t\t[9966] listitem ''\n\t\t\t\t[9967] link 'Goodreads Book reviews & recommendations'\n\t\t\t\t\t[9968] heading 'Goodreads'\n\t\t\t\t\tStaticText 'Book reviews'\n\t\t\t\t\tStaticText '& recommendations'\n\t\t\t[9972] listitem ''\n\t\t\t\t[9973] link 'IMDb Movies, TV & Celebrities'\n\t\t\t\t\t[9974] heading 'IMDb'\n\t\t\t\t\tStaticText 'Movies, TV'\n\t\t\t\t\tStaticText '& Celebrities'\n\t\t\t[9978] listitem ''\n\t\t\t\t[9979] link 'IMDbPro Get Info Entertainment Professionals Need'\n\t\t\t\t\t[9980] heading 'IMDbPro'\n\t\t\t\t\tStaticText 'Get Info Entertainment'\n\t\t\t\t\tStaticText 'Professionals Need'\n\t\t\t[9984] listitem ''\n\t\t\t\t[9985] link 'Kindle Direct Publishing Indie Digital & Print Publishing Made Easy'\n\t\t\t\t\t[9986] heading 'Kindle Direct Publishing'\n\t\t\t\t\tStaticText 'Indie Digital & Print Publishing'\n\t\t\t\t\tStaticText 'Made Easy'\n\t\t\t[9990] listitem ''\n\t\t\t\t[9991] link 'Amazon Photos Unlimited Photo Storage Free With Prime'\n\t\t\t\t\t[9992] heading 'Amazon Photos'\n\t\t\t\t\tStaticText 'Unlimited Photo Storage'\n\t\t\t\t\tStaticText 'Free With Prime'\n\t\t\t[9996] listitem ''\n\t\t\t\t[9997] link 'Prime Video Direct Video Distribution Made Easy'\n\t\t\t\t\t[9998] heading 'Prime Video Direct'\n\t\t\t\t\tStaticText 'Video Distribution'\n\t\t\t\t\tStaticText 'Made Easy'\n\t\t\t[10002] listitem ''\n\t\t\t\t[10003] link 'Shopbop Designer Fashion Brands'\n\t\t\t\t\t[10004] heading 'Shopbop'\n\t\t\t\t\tStaticText 'Designer'\n\t\t\t\t\tStaticText 'Fashion Brands'\n\t\t[10007] list ''\n\t\t\t[10008] listitem ''\n\t\t\t\t[10009] link 'Amazon Resale Great Deals on Quality Used Products'\n\t\t\t\t\t[10010] heading 'Amazon Resale'\n\t\t\t\t\tStaticText 'Great Deals on'\n\t\t\t\t\tStaticText 'Quality Used Products'\n\t\t\t[10014] listitem ''\n\t\t\t\t[10015] link 'Whole Foods Market America\u2019s Healthiest Grocery Store'\n\t\t\t\t\t[10016] heading 'Whole Foods Market'\n\t\t\t\t\tStaticText 'America\u2019s Healthiest'\n\t\t\t\t\tStaticText 'Grocery Store'\n\t\t\t[10020] listitem ''\n\t\t\t\t[10021] link 'Woot! Deals and Shenanigans'\n\t\t\t\t\t[10022] heading 'Woot!'\n\t\t\t\t\tStaticText 'Deals and'\n\t\t\t\t\tStaticText 'Shenanigans'\n\t\t\t[10026] listitem ''\n\t\t\t\t[10027] link 'Zappos Shoes & Clothing'\n\t\t\t\t\t[10028] heading 'Zappos'\n\t\t\t\t\tStaticText 'Shoes &'\n\t\t\t\t\tStaticText 'Clothing'\n\t\t\t[10032] listitem ''\n\t\t\t\t[10033] link 'Ring Smart Home Security Systems'\n\t\t\t\t\t[10034] heading 'Ring'\n\t\t\t\t\tStaticText 'Smart Home'\n\t\t\t\t\tStaticText 'Security Systems'\n\t\t\t[10038] listitem ''\n\t\t\t\t[10039] link 'eero WiFi Stream 4K Video in Every Room'\n\t\t\t\t\t[10040] heading 'eero WiFi'\n\t\t\t\t\tStaticText 'Stream 4K Video'\n\t\t\t\t\tStaticText 'in Every Room'\n\t\t\t[10044] listitem ''\n\t\t\t\t[10045] link 'Blink Smart Security for Every Home'\n\t\t\t\t\t[10046] heading 'Blink'\n\t\t\t\t\tStaticText 'Smart Security'\n\t\t\t\t\tStaticText 'for Every Home'\n\t\t[10049] list ''\n\t\t\t[10052] listitem ''\n\t\t\t\t[10053] link 'Neighbors App Real-Time Crime & Safety Alerts'\n\t\t\t\t\t[10054] heading 'Neighbors App'\n\t\t\t\t\tStaticText 'Real-Time Crime'\n\t\t\t\t\tStaticText '& Safety Alerts'\n\t\t\t[10058] listitem ''\n\t\t\t\t[10059] link 'Amazon Subscription Boxes Top subscription boxes \u2013 right to your door'\n\t\t\t\t\t[10060] heading 'Amazon Subscription Boxes'\n\t\t\t\t\tStaticText 'Top subscription boxes \u2013 right to your door'\n\t\t\t[10063] listitem ''\n\t\t\t\t[10064] link 'PillPack Pharmacy Simplified'\n\t\t\t\t\t[10065] heading 'PillPack'\n\t\t\t\t\tStaticText 'Pharmacy Simplified'\n\t\t\t[10068] listitem ''\n\t\t\t\t[10069] link 'Amazon Renewed Like-new products you can trust'\n\t\t\t\t\t[10070] heading 'Amazon Renewed'\n\t\t\t\t\tStaticText 'Like-new products'\n\t\t\t\t\tStaticText 'you can trust'\n\t[10078] list ''\n\t\t[10079] listitem ''\n\t\t\t[10080] link 'Conditions of Use'\n\t\t[10081] listitem ''\n\t\t\t[10082] link 'Privacy Notice'\n\t\t[10083] listitem ''\n\t\t\t[10084] link 'Consumer Health Data Privacy Disclosure'\n\t\t[10085] listitem ''\n\t\t\t[10086] link 'Your Ads Privacy Choices'\n\t\t[10087] listitem ''\n\tStaticText '\u00a9 1996-2025, Amazon.com, Inc. or its affiliates'"
}